1962 3112
196 89 299 141 310
793 88 1272 138 ΠΛΑΤΩΝΟΣ
1708 64 1712 65 ⁷
1784 103 1867 144 112

200 229 378 294 ζουσι,
412 221 516 294 πρὸ
550 227 644 293 τῆς
675 228 851 293 ψυχῆς
869 226 963 290 τῆς
982 218 1168 276 αὑτοῖν
1189 219 1520 294 ὀφθαλμοὺς
1537 227 1628 280 καὶ
1648 219 1758 280 εἶτα
1777 227 1863 281 καὶ

201 304 336 360 ὅλον
354 304 415 360 τὸ
448 311 605 375 σῶμα
634 309 1159 374 προκεκαλυμμένοι.
1202 311 1374 359 ταῦτα
1395 304 1460 376 δὴ
1484 305 1668 371 αὐτοῖς
1687 307 1866 360 πάντα

200 390 538 456 ἐπίπροσθεν
565 392 836 456 γίγνεται,
874 385 965 439 καὶ
993 382 1057 439 τὰ
1091 382 1275 440 αὐτῶν
1305 384 1650 457 ἀμφιέσματα
1679 389 1767 442 καὶ
1799 386 1864 441 τὰ

198 475 312 523 τῶν
339 470 698 539 κρινομένων.
738 472 960 535 πρῶτον
990 466 1090 536 μὲν
1120 459 1250 537 οὖν,
1285 471 1418 538 ἔφη,
1457 471 1730 523 παυστέον
1756 470 1865 523 ἐστὶ

201 549 522 617 προειδότας
537 546 742 611 αὐτοὺς
755 546 852 602 τὸν
870 547 1122 603 θάνατον
1136 569 1146 579 ·
1167 554 1275 603 νῦν
1288 548 1393 618 γάρ
1411 554 1679 619 προΐσασι.
1703 555 1865 604 τοῦτο

140 647 173 686 Ε
204 633 305 700 μὲν
324 624 430 685 οὖν
449 632 539 685 καὶ
571 628 636 701 δὴ
667 637 874 699 εἴρηται
894 635 971 702 τῷ
997 635 1291 700 Προμηθεῖ
1305 629 1452 694 ὅπως
1471 627 1540 685 ἂν
1561 630 1744 702 παύσῃ
1765 630 1868 685 αὐ-

199 718 327 766 τῶν.
365 716 548 767 ἔπειτα
568 709 815 781 γυμνούς
831 713 1048 778 κριτέον
1067 709 1331 766 ἁπάντων
1349 713 1561 766 τούτων
1577 732 1589 743 ·
1623 717 1868 766 τεθνεώ-

199 815 294 856 τας
321 792 428 863 γὰρ
463 797 546 848 δεῖ
569 798 871 862 κρίνεσθαι.
911 794 1002 847 καὶ
1029 791 1128 847 τὸν
1157 793 1348 863 κριτὴν
1379 791 1691 864 δεῖγυμνόν
1710 792 1864 863 εἶναι,

199 881 506 944 τεθνεῶτα,
546 872 686 946 αὐτῇ
714 881 782 945 τῇ
813 881 961 946 ψυχῇ
990 873 1166 945 αὐτὴν
1195 873 1296 944 τὴν
1323 876 1506 946 ψυχὴν
1543 880 1868 942 θεωροῦντα

202 957 457 1025 ἐξαίφνης
495 954 883 1019 ἀποθανόντος
928 956 1187 1026 ἑκάστου,
1236 959 1440 1026 ἔρημον
1485 956 1709 1011 πάντων
1755 962 1869 1010 τῶν

202 1044 490 1106 συγγενῶν
508 1038 596 1092 καὶ
617 1037 985 1091 καταλιπόντα
1004 1039 1091 1092 ἐπὶ
1110 1043 1204 1107 τῆς
1220 1044 1321 1139 γῆς
1340 1038 1518 1092 πάντα
1539 1041 1751 1093 ἐκεῖνον
1769 1036 1868 1093 τὸν

201 1119 438 1190 κόσμον,
467 1122 560 1173 ἵνα
591 1117 822 1174 δικαία“
795 1143 827 1188 η
849 1124 1023 1187 κρίσις
1042 1112 1092 1189 ᾗ.
1134 1117 1237 1187 ἐγω
1257 1141 1358 1189 μεν
1377 1113 1481 1173 οὖν
1500 1127 1670 1174 ταῦτα
1694 1121 1870 1189 ἐγνω-

201 1198 311 1264 κως
347 1200 611 1268 πρότερος
638 1197 673 1270 ἦ
703 1199 855 1270 ὑμεῖς
884 1200 1224 1270 ἐποιησάμην
1255 1199 1508 1263 δικαστας
1537 1203 1670 1264 υἱεῖς
1700 1203 1870 1270 ἐμαυ-

198 1289 325 1352 τοῦ,
366 1281 467 1336 δύο
498 1281 597 1351 μὲν
625 1284 683 1335 ἐκ
714 1288 807 1350 τῆς
829 1279 1034 1350 Ἀσίας,
1074 1287 1239 1335 Μίνω
1270 1302 1327 1335 τε
1356 1283 1446 1336 καὶ
1461 1278 1869 1351 Ῥαδάμανθυν,

85 1376 172 1421 ὺ24
201 1364 298 1419 ἕνα
317 1363 373 1419 δὲ
393 1367 450 1418 ἐκ
470 1369 563 1433 τῆς
581 1361 870 1433 Εὐρώπης,
890 1363 1104 1417 Αἰακόν
1120 1385 1130 1394 ·
1154 1357 1306 1418 οὗτοι
1323 1357 1429 1418 οὖν
1446 1364 1667 1418 ἐπειδὰν
1682 1371 1869 1419 τελευ-

201 1446 433 1517 τήσωσι,
473 1445 798 1500 δικάσουσιν
817 1446 877 1498 ἐν
898 1450 975 1517 τῷ
994 1451 1247 1514 λειμῶνι,
1286 1450 1345 1499 ἐν
1373 1451 1439 1517 τῇ
1465 1444 1692 1518 τριόδῳ,
1723 1447 1775 1510 ἐξ
1804 1437 1859 1514 ἦ·

202 1529 434 1597 φέρετον
452 1525 527 1581 τω
548 1524 678 1595 ὁδώ,
698 1523 732 1595 ἡ
753 1525 853 1595 μὲν
873 1530 947 1589 εἰς
965 1526 1229 1596 μακάρων
1246 1527 1469 1596 νήσους,
1489 1524 1521 1597 ἡ
1547 1525 1597 1581 δ’
1623 1531 1698 1590 εἰς
1720 1526 1838 1593 Τάρ

200 1630 385 1704 ταρον.
426 1610 513 1663 καὶ
546 1605 676 1670 τούς
706 1606 807 1676 μὲν
836 1608 894 1661 ἐκ
923 1614 1017 1677 τῆς
1050 1604 1228 1670 Ἀσίας
1262 1605 1643 1677 Ῥαδάμανθυς
1678 1618 1862 1677 κρινεῖ,

198 1688 330 1753 τοὺς
349 1691 452 1744 δε’
425 1711 484 1743 εκ
505 1695 598 1759 τῆς
616 1686 891 1761 Εὐρώπης
908 1688 1142 1751 Αἰακός·
1163 1694 1329 1760 Μίνω
1353 1691 1411 1745 δὲ
1432 1694 1690 1759 πρεσβεῖα
1710 1689 1866 1743 δώσω

203 1776 618 1840 ἐπιδιακρίνειν,
650 1769 747 1825 έαν
769 1769 1050 1840 ἀπορῆτόν
1068 1791 1119 1823 τι
1137 1793 1210 1825 τω
1233 1773 1426 1840 ἑτέρως
1455 1775 1545 1825 ἴνα
1567 1792 1640 1834 ως
1660 1775 1868 1826 δικαιοω

203 1854 335 1924 τάτη
354 1853 386 1924 ἡ
408 1859 583 1920 κρίσις
603 1845 640 1923 ᾗ
659 1855 780 1920 περὶ
799 1859 894 1920 τῆς
913 1857 1136 1921 πορείας
1153 1864 1265 1915 τοῖς
1284 1851 1621 1955 άνθρώποις.

342 1940 544 1988 LXXX.
623 1931 793 1987 Ταῦτ’
813 1937 987 2003 ἔστιν,
1011 1935 1052 1987 ώ
1073 1938 1421 2002 Καλλίκλεις,
1444 1957 1478 1987 α
1498 1932 1602 2002 ε’γω
1621 1931 1867 2003 ἀκηκοώς

137 2032 170 2072 Β
203 2014 441 2070 πιστεύω
472 2013 658 2086 ἀληθῆ
678 2013 841 2069 εἶναι·
877 2016 968 2069 καὶ
995 2016 1055 2069 ἐκ
1084 2014 1298 2069 τούτων
1325 2021 1438 2069 τῶν
1456 2015 1636 2084 λόγων
1656 2015 1869 2070 τοιόνδε

203 2119 254 2151 τι
273 2101 550 2166 λογίζομαι
569 2102 906 2167 συμβαίνειν.
945 2093 973 2150 ὁ
993 2095 1237 2159 θάνατος
1261 2096 1518 2165 τυγχάνει
1540 2095 1635 2166 ὤν,
1660 2093 1733 2160 ὥς
1753 2098 1870 2165 ἐμοὶ

206 2183 370 2247 δοκεῖ,
396 2176 561 2234 οὐδὲν
581 2176 713 2232 ἄλλο
733 2175 770 2248 ἦ
794 2181 952 2232 δυοῖν
972 2178 1317 2248 πραγμάτοιν
1337 2177 1608 2247 διάλυσις,
1647 2184 1740 2247 τῆς
1759 2188 1870 2239 ψυ-

205 2267 298 2330 χῆς
318 2262 408 2314 καὶ
426 2266 529 2313 τοῦ
547 2259 813 2328 σώματος,
837 2257 931 2312 ἄπ’
955 2258 1213 2328 άλλήλοιν
1229 2281 1239 2290 ·
1279 2260 1501 2313 ἐπειδὰν
1522 2260 1580 2314 δὲ
1599 2263 1869 2327 διαλυθῆ-

205 2363 302 2395 τον
331 2340 439 2411 ἄρα
470 2338 567 2394 ἀπ’
599 2338 886 2410 ἀλλήλοιν,
925 2337 994 2394 οὐ
1022 2340 1164 2395 πολὺ
1193 2333 1359 2410 ἦττον
1387 2341 1649 2408 ἑκάτερον
1679 2338 1868 2394 αὐτοῖν

206 2426 310 2490 ἔχει
340 2420 443 2490 τὴν
470 2422 582 2485 ἕξιν
611 2422 712 2491 τὴν
743 2418 943 2491 αὑτοῦ,
979 2420 1153 2493 ἥνπερ
1173 2422 1262 2475 καὶ
1282 2419 1373 2475 ὅτε
1394 2426 1477 2490 ἔζη
1503 2419 1531 2475 ὁ
1553 2420 1867 2487 ἄνθρωπος,

203 2502 266 2557 τό
298 2524 355 2556 τε
386 2508 542 2571 σῶμα
571 2501 674 2572 τὴν
703 2502 875 2572 φύσιν
903 2502 1006 2573 τὴν
1035 2501 1212 2557 αὑτοῦ
1250 2503 1340 2557 καὶ
1374 2501 1440 2556 τὰ
1477 2500 1869 2570 θεραπεύματα

205 2584 294 2638 καὶ
322 2581 388 2636 τὰ
417 2585 717 2652 παθήματα
746 2588 946 2654 ἔνδηλα
966 2585 1159 2639 πάντα.
1193 2580 1313 2638 οἷον
1332 2592 1385 2639 εἴ
1396 2604 1544 2647 τινος
1562 2585 1699 2651 μέγα
1717 2576 1789 2651 ἦν
1807 2581 1868 2636 τὸ

147 2681 177 2721 C
207 2671 364 2734 σῶμα
404 2664 568 2734 φύσει
604 2662 640 2734 ἦ
675 2671 853 2735 τροφῇ
887 2661 923 2734 η’
960 2664 1245 2735 ἀμφότερα
1282 2670 1508 2732 ζῶντος,
1543 2663 1744 2717 τούτου
1780 2664 1867 2718 καὶ

208 2744 431 2800 ἐπειδὰν
457 2743 717 2816 ἀποθάνῃ
746 2743 775 2799 ὁ
807 2743 1002 2814 νεκρὸς
1031 2749 1221 2815 μέγας,
1262 2746 1351 2799 καὶ
1385 2749 1434 2798 εἰ
1460 2743 1658 2813 παχύς,
1698 2742 1870 2812 παχὺς
