1994 3100
730 136 1194 184 ΧΑΡΜΙΔΙ-ΙΣ.
1733 132 1799 183 27

123 292 239 324 νων
257 268 634 340 ἐπιστημόνως
662 268 883 335 ζώντων
913 265 985 323 σύ
1007 272 1185 333 δοκεῖς
1202 291 1295 339 μοι
1315 266 1680 339 ἀφορίζεσθαι
1702 265 1801 323 τόν

15 375 28 427 ι
122 350 440 422 εὐδαίμονα.
479 354 569 408 καὶ
599 359 728 416 ἴσως
758 354 931 422 λέγεις
959 348 1026 406 ὃν
1054 357 1163 406 νῦν
1193 348 1259 421 δὴ
1299 348 1405 422 ἐγώ
1444 355 1662 420 ἔλεγον,
1698 347 1801 405 τὸν

16 435 46 484 's
122 433 303 488 εἰδότα
325 431 390 488 τὰ
410 436 681 504 μέλλοντα
713 438 939 488 ἔσεσθαι
968 431 1178 503 πάντα,
1215 430 1317 487 τὸν
1344 432 1560 503 μάντιν.
1597 438 1799 487 τοῦτον
1830 441 1910 486 174

43 567 45 591 s
118 512 154 586 ἦ
173 515 346 572 ἄλλον
367 516 489 571 τινὰ
510 517 711 586 λέγεις;
749 517 855 570 Καὶ
880 521 1082 570 τοῦτον
1102 521 1303 586 ἔγωγε,
1334 519 1467 586 ἔφη,
1498 515 1589 570 καὶ
1608 511 1798 570 ἄλλον.

126 604 287 661 Τι’να;
305 593 343 670 ἦ
349 622 378 653 v
400 597 452 654 δ’
475 599 597 669 ε’γω’.
621 592 728 667 ἆρα
748 596 821 669 μὴ
843 596 942 652 τὸν
961 597 1195 667 τοιόνδε,
1218 605 1273 653 εἴ
1285 619 1364 661 τις
1382 594 1520 665 πρὸς
1533 607 1647 661 τοῖς
1666 599 1798 667 μέλ-

117 687 277 735 λουσι
310 679 484 735 καὶτὰ
504 679 771 750 γεγονότα
792 680 971 734 πάντα
995 682 1159 749 εἰδείη
1180 679 1269 733 καὶ
1293 676 1358 732 τὰ
1381 684 1492 733 νῦν
1511 677 1672 750 ὅντα,
1704 680 1798 735 καὶ

117 765 291 834 μηδὲν
330 760 550 834 ἄγνοοῖ;
598 768 793 834 θῶμεν
827 762 934 833 γάρ
970 783 1092 816 τινα
1132 759 1272 816 εἶναι
1321 759 1509 817 αὐτόν.
1562 758 1630 815 οὐ
1667 760 1796 833 γοῖρ,

118 844 296 917 οἶμαι,
334 846 539 901 τούτου
568 843 623 915 γ’
657 850 734 901 ἔτι
758 841 828 900 ἄν
859 853 1032 910 εἴποις
1052 842 1255 899 οὐδένα
1274 848 1798 915 ἐπιστημονέστερον

117 933 291 1026 ζωντα
310 928 464 985 εἶναι.
537 926 623 984 Οὐ
645 932 796 999 δῆτα.
877 928 1017 983 Τόδε
1039 926 1103 999 δὴ
1128 932 1205 983 ἔτι
1226 933 1563 998 προσποθιὸ,
1594 932 1674 992 τίς
1693 925 1798 982 αὐ-

115 1010 216 1066 τὸν
234 1033 348 1066 των
377 1013 690 1082 ἐπιστημων
719 1023 869 1066 ποιεῖ
891 1008 1222 1082 εὐδαίμονας
1259 1006 1295 1083 ἢ
1326 1009 1534 1065 ἅπασαι
1563 1007 1790 1081 ὁμοίως;
1823 1021 1855 1062 Β

30 1131 33 1140 1
119 1091 394 1164 Οὐδαμως
397 1093 649 1193 .ὁμοίως,
687 1098 809 1166 ἔφη.
872 1091 1034 1150 Ἀλλά
1064 1100 1194 1150 ποία
1224 1094 1485 1166 μάλιστα;
1523 1085 1562 1166 ᾖ
1595 1097 1653 1148 τί
1681 1091 1794 1149 οἶδε

115 1177 206 1232 καὶ
243 1181 357 1231 τῶν
386 1175 567 1232 ὄντων
595 1179 684 1233 καὶ
714 1199 829 1233 των
857 1177 1172 1249 γεγονότων
1202 1179 1291 1233 καὶ
1327 1183 1440 1232 τῶν
1477 1176 1796 1247 μελλόντων

48 1303 54 1308 .
114 1263 367 1324 ἔσεσθαι;
403 1254 515 1329 ἄρα’
532 1283 595 1332 γε
615 1254 654 1333 ᾖ
671 1259 733 1317 τό
755 1260 1136 1326 πεττευτικόν;
1173 1265 1377 1330 Ποῖον,
1415 1281 1450 1329 η
1431 1251 1521 1314 δ’
1545 1257 1632 1327 ὅς,
1665 1278 1796 1313 πετ-

115 1342 396 1410 τευτικόν;
430 1340 579 1398 Ἀλλ’
619 1336 733 1416 ᾗτό
755 1343 1098 1414 λογιστικόν;
1140 1340 1430 1412 Οὐδαμῶς.
1500 1338 1649 1395 Ἀλλ’
1668 1333 1709 1413 ᾗ
1730 1338 1791 1395 τὸ

116 1424 391 1494 υγιεινόν;
424 1430 682 1496 Μᾶλλον,
707 1431 828 1498 ἔφη.
890 1424 1103 1496 ΜΕκεινη
1126 1423 1178 1481 δ’
1197 1422 1270 1496 ἣν
1290 1427 1430 1495 λέγω
1449 1423 1702 1495 μαλιστα,
1723 1416 1797 1495 ἦν

117 1505 169 1562 δ’
191 1500 375 1578 ἐγώ,
343 1529 374 1579 η
394 1514 469 1573 τίς
499 1500 582 1563 Ha
606 1506 666 1563 t6
689 1506 930 1580 ἀγαθόν,
952 1513 1075 1580 ἔφη,
1099 1511 1188 1564 καὶ
1207 1506 1267 1563 τὸ
1290 1506 1484 1563 κακόν.
1532 1499 1599 1562 Ὦ
1615 1509 1794 1606 μιαρέ,

43 1614 46 1619 ·
114 1594 258 1661 ἔφην
276 1589 411 1661 ἐγώ,
449 1590 618 1645 πάλαι
639 1612 705 1660 με
727 1595 1028 1660 περιέλκεις
1047 1592 1266 1665 κύκλω,
1303 1587 1797 1660 ἀποκρυπτόμενος

115 1669 199 1726 ὅτι
229 1669 298 1726 οὐ
325 1669 387 1726 τὸ
419 1667 858 1743 ἐπιστημόνως
822 1696 894 1744 ην
924 1678 1022 1744 ζῇν
1049 1671 1110 1728 τὸ
1134 1667 1199 1728 εὖ
1228 1673 1488 1743 πράττειν
1506 1694 1564 1728 τε
1588 1673 1680 1728 καὶ
1701 1670 1798 1727 εύ-

116 1757 399 1825 δαιμονεῖν
427 1763 657 1821 ποιοῦν,
697 1755 824 1811 οὐδὲ
857 1760 1158 1827 ξυμπασῶν
1194 1762 1309 1811 τῶν
1346 1755 1535 1811 ἄλλων
1570 1757 1792 1854 ἐπιστη-
1823 1770 1855 1813 C

115 1842 254 1907 μῶν,
277 1833 416 1891 ἄλλα
436 1844 564 1908 μιᾶς
586 1835 759 1909 οὔσης
786 1839 988 1911 ταύτης
1016 1839 1193 1910 μόνον
1221 1845 1317 1910 τῆς
1346 1839 1469 1905 περὶ
1489 1834 1551 1892 τὸ
1576 1835 1797 1907 ἀγαθόν

115 1940 172 1974 τε
192 1921 281 1974 καὶ
303 1919 492 1976 κακόν.
516 1923 649 1992 ἐπεί,
672 1944 711 1977 ω
737 1927 947 1992 Κριτία,
972 1927 1023 1978 εί
1037 1923 1219 1987 θέλεις
1238 1923 1442 1987 ἐξελεῖν
1462 1920 1671 1990 ταύτην
1689 1941 1792 2022 την

113 2001 415 2099 ἐπιστήμην
459 2006 518 2059 ἐκ
555 2027 669 2059 των
706 2004 891 2060 αλλων
935 2008 1278 2076 ἐπιστημων,
1327 1996 1495 2074 ἧττόν
1533 2025 1584 2058 τι
1620 2000 1654 2073 ἡ
1694 2023 1795 2073 μεν

114 2082 327 2156 ἰατρικὴ
350 2083 621 2155 ὑγιαίνειν
640 2087 882 2158 ποιήσει,
919 2086 954 2159 ἡ
978 2089 1034 2145 δε
1056 2085 1286 2159 σκυτικὴ
1309 2085 1713 2155 ὑποδεδέσθαι,
1752 2083 1786 2155 ἡ

114 2164 223 2222 δὲ
193 2166 466 2238 υφαντική
488 2166 823 2240 ἠμφιέσθαι,
860 2169 894 2241 ἡ
917 2171 974 2228 δὲ
996 2171 1362 2244 κυβερνητικὴ
1386 2169 1624 2227 κωλύσει
1644 2170 1705 2224 ἐν
1724 2173 1789 2239 τῇ

110 2250 359 2323 θαλάττη
380 2249 763 2323 ἀποθνήσκειν
781 2256 867 2309 καὶ
888 2252 922 2325 ἡ
946 2252 1277 2326 στρατηγικὴ
1300 2256 1361 2310 ἐν
1382 2257 1627 2327 πολέμῳ·
1614 2294 1629 2320 ,
1673 2249 1790 2308 Οὐ·

113 2325 266 2387 δεῖν’
227 2355 420 2403 ηττοι,
461 2338 580 2404 ἔφη.
652 2331 818 2399 Ἀλλ’,
859 2359 900 2391 ω
926 2344 1049 2405 φίλε
1069 2343 1294 2407 Κριτι’,α
1331 2337 1392 2392 τὸ
1415 2331 1478 2393 εὖ
1496 2359 1559 2408 γε
1578 2336 1792 2392 τούτων

16 2419 18 2421 ’
110 2416 311 2471 ἕκαστα
342 2423 633 2487 γίγνεσθαι
664 2419 752 2473 καὶ
783 2400 1071 2490 ωφελίμως
1101 2418 1464 2485 ἆπολελοιπός
1483 2417 1623 2491 ἡμᾶς
1642 2424 1791 2475 ἔσται

15 2509 17 2515 ”
109 2496 311 2569 ταύτης
346 2496 609 2570 απούσης.
680 2499 882 2572 Ἀληθῆ
921 2504 1108 2572 λέγεις.
1186 2500 1304 2573 Οὐχ
1335 2501 1474 2574 αὕτη
1506 2506 1671 2573 δέγε,
1717 2501 1791 2567 ὠς
1825 2521 1856 2562 1)

109 2582 304 2645 ἔοικεν,
326 2582 471 2638 ἐστὶν
491 2581 524 2654 ἡ
545 2584 904 2655 σωφροσύνη,
925 2583 1048 2641 ἄλλ’
1068 2579 1134 2656 ἧς
1151 2590 1317 2657 ἔργον
1337 2587 1447 2641 ἐστὶ
1467 2583 1528 2640 τὰ
1552 2583 1790 2656 ὠφελεῖν

110 2657 263 2732 ἡμᾶς.
305 2660 374 2718 οὐ
396 2662 502 2733 γὰρ
533 2668 846 2737 ἐπιστημῶν
864 2688 925 2736 γε
956 2668 1044 2723 καὶ
1066 2666 1598 2740 ἆνεπιστημοσυνῶν
1616 2666 1650 2739 ἡ
1671 2670 1789 2723 ἐπι-

111 2742 286 2815 στήμη
317 2747 491 2818 ἐστίν,
532 2745 671 2802 ἄλλα
705 2746 928 2818 ἀγαθοῦ
957 2770 1014 2805 τε
1043 2751 1134 2805 καὶ
1164 2756 1366 2805 κακοῦ·
1407 2749 1547 2806 ὥστε
1578 2755 1628 2805 εἰ
1648 2748 1786 2820 αὕτη

109 2827 258 2881 ἐστὶν
288 2825 588 2900 ω’φέλιμος,
628 2826 661 2900 ἡ
693 2831 1032 2902 σωφροσύνη
1063 2831 1198 2887 ἄλλο
1218 2854 1267 2886 τι
1289 2829 1359 2886 ἄν
1379 2840 1461 2903 εἴη
1481 2827 1520 2903 ἦ
1538 2831 1786 2903 ω’φελίμη
