1962 3112
189 98 295 153 282
796 98 1278 148 ΠΛΑΤΩΝΟΣ
1803 105 1859 150 84

195 239 253 290 οἳ
269 233 567 305 κηδόμενοι
595 237 710 287 τῶν
742 238 981 287 πολιτῶν
1010 234 1266 301 λέγουσιν
1295 228 1330 286 ἃ
1355 234 1638 302 λέγουσιν,
1681 232 1782 287 εἰσὶ
1803 231 1861 287 δὲ

194 318 286 371 καὶ
306 318 457 379 οἴους
477 311 549 369 σὺ
569 318 754 382 λέγεις.

335 401 458 451 ΣΩ.
511 393 763 462 Ἐξαρκεῑ.
806 398 855 448 εί
870 389 974 462 γὰρ
989 393 1078 448 καὶ
1098 392 1265 448 τοῦτό
1284 395 1395 448 ἐστι
1414 397 1663 465 διπλοῦν,
1677 393 1736 450 τὸ
1761 392 1861 464 μὲν

195 477 385 547 ἕτερόν
406 497 514 531 που
532 475 734 530 τούτου
754 478 1012 530 κολακεία
1032 469 1104 528 ἀν
1123 481 1204 544 εἴη
1225 475 1316 530 καὶ
1333 474 1526 545 αἰσχρὰ
1539 479 1859 546 δημηγορία,

194 557 255 613 τὸ
277 556 324 613 δ’
351 558 542 627 ἕτερον
564 557 765 627 καλόν,
789 554 850 611 τὸ
874 556 1309 624 παρασκευάζειν
1331 554 1479 621 ὅπως
1501 554 1570 621 ὡς
1589 559 1862 628 βέλτισται

194 644 413 694 ἔσονται
431 645 543 694 τοῖν
564 644 805 693 πολιτῶν
823 641 882 692 αἱ
897 641 1071 706 ψυχαί
1078 659 1101 705 ,·
1123 640 1215 692 καὶ
1245 637 1610 708 διαμάχεσθαι
1628 641 1860 708 λέγοντα

192 719 258 775 τὰ
291 723 572 791 βέλτιστα,
614 727 719 776 εἴτε
739 717 877 789 ἡδίω
909 726 1014 774 εἴτε
1043 716 1342 789 ἀηδέστερα
1371 723 1519 774 ἔσται
1547 731 1659 783 τοῖς
1686 718 1862 775 ἀκού-

196 819 370 857 ουσιν.
412 799 521 856 ἀλλ’
547 798 616 856 οὐ
636 800 853 855 πώποτε
874 798 943 853 σύ
965 799 1172 871 ταύτην
1191 799 1327 865 εἶδες
1345 799 1447 871 τὴν
1465 801 1786 872 ῥητορικήν·
1826 797 1862 871 ἦ

196 891 251 939 εἴ
271 905 395 938 τινα
425 888 560 953 ἔχεις
584 888 698 937 τῶν
730 881 982 951 ῥητόρων
1014 888 1270 937 τοιοῦτον
1301 886 1499 953 εἰπεῖν,
1538 887 1593 936 τί
1622 879 1742 952 οὐχὶ
1771 884 1862 938 καὶ

195 965 312 1035 ἐμοὶ
334 962 505 1019 αὐτὸν
525 968 771 1033 ἔφρασας
789 968 868 1027 τίς
889 965 1060 1027 έστιν;

334 1051 506 1101 ΚΑΛ.
555 1043 716 1100 Ἀλλά
749 1041 823 1114 μὰ
855 1041 947 1098 Δί’
971 1042 1071 1098 οὐκ
1101 1048 1203 1114 ἔχω
1233 1047 1406 1115 ἔγωγέ
1431 1063 1517 1100 σοι
1548 1050 1720 1100 εἰπεῖν
1749 1049 1869 1099 τῶν

193 1148 255 1196 γε
275 1133 383 1182 νῦν
402 1125 654 1198 ῥητόρων
673 1122 890 1180 οὐδένα.

332 1214 456 1264 ΣΩ.
502 1213 569 1262 Τί
585 1208 646 1262 δέ
655 1231 670 1273 3
690 1213 802 1261 τῶν
822 1213 1073 1261 παλαιῶν
1094 1210 1227 1277 ἔχεις
1245 1203 1366 1261 τινὰ
1387 1211 1576 1277 εἰπεῖν,
1591 1205 1654 1262 δι’
1669 1205 1862 1262 ὅντινα

195 1296 373 1347 αἰτίαν
392 1296 614 1361 ἔχουσιν
626 1287 912 1359 Ἀθηναῖοι
930 1294 1179 1360 βελτίους
1197 1290 1501 1358 γεγονέναι,
1522 1286 1703 1358 ἐπειδὴ
1723 1291 1862 1344 έκεῖ-

195 1395 293 1437 νος
323 1372 524 1445 ἤρξατο
559 1375 918 1442 δημηγορεῖν,
962 1374 1021 1426 ἐν
1046 1378 1125 1445 τῷ
1155 1371 1408 1441 πρόσθεν
1434 1370 1615 1444 χρόνῳ
1646 1377 1862 1442 χείρους

194 1457 380 1524 ὅντεςς
418 1456 521 1527 ἐγώ
543 1458 644 1528 μὲν
662 1454 770 1526 γὰρ
791 1454 894 1511 οὐκ
916 1454 1037 1511 οἶδα
1055 1461 1135 1520 τίς
1155 1458 1299 1509 ἐστιν
1320 1447 1497 1518 οὗτος.

337 1547 507 1598 ΚΑΛ.
572 1546 639 1595 Τί
656 1544 717 1595 δέ
727 1564 741 1606 ;
779 1542 1146 1611 Θεμιστοκλέα
1166 1537 1268 1593 οὐκ
1291 1536 1510 1601 ἀκούεις
1528 1534 1705 1606 ἄνδρα
1724 1537 1852 1608 ἀγα-

194 1623 308 1680 θὸν
334 1622 600 1694 γεγονότα
630 1623 722 1677 καὶ
749 1628 981 1692 Κίμωνα
1011 1623 1104 1677 καὶ
1133 1618 1448 1689 Μιλτιάδην
1475 1620 1566 1673 καὶ
1593 1623 1857 1687 Περικλέα

194 1707 416 1762 τουτονὶ
438 1704 538 1760 τὸν
557 1707 751 1759 νεωστὶ
770 1703 1217 1774 τετελευτηκότα,
1242 1694 1313 1756 οὗ
1330 1703 1419 1755 καὶ
1443 1700 1512 1754 σύ
1534 1698 1801 1770 ἀκήκοας,

338 1793 462 1842 ΣΩ.
497 1790 569 1840 Εἰ
582 1789 695 1839 ἔστι
715 1807 804 1853 γε,
827 1779 870 1839 ὦ
889 1789 1237 1853 Καλλίκλεις,
1267 1781 1340 1852 ἣν
1358 1782 1632 1851 πρότερον
1652 1779 1722 1835 σὺ
1744 1786 1846 1838 ἕλε·

195 1890 288 1938 γες
307 1866 536 1937 ἀρετήν,
559 1865 801 1936 ἀληθής,
830 1864 890 1919 τὸ
913 1864 1009 1929 τὰς
1027 1868 1320 1934 ἐπιθυμίας
1340 1861 1754 1932 ἀποπιμπλάναι
1773 1886 1843 1919 κα

196 1948 294 2012 τάς
314 1945 489 2002 αὑτοῦ
510 1944 714 2011 καὶτὰς
734 1953 846 2001 τῶν
870 1945 1054 2001 ἄλλων
1069 1969 1079 1977 ·
1120 1950 1169 2000 εί
1195 1943 1254 1999 δὲ
1272 1943 1345 2014 μὴ
1365 1950 1527 1999 τοῦτο
1541 1986 1555 2014 ,
1588 1942 1699 1998 ἀλλ’
1725 1944 1855 2014 ὅπερ

197 2032 258 2085 ἐν
277 2034 352 2102 τῷ
373 2026 586 2101 ὑστέρῳ
608 2025 752 2099 λόγῳ
783 2025 1220 2098 ἠναγκάσθημεν
1237 2023 1391 2095 ἡμεῖς
1421 2023 1738 2095 ὁμολογεῖν,
1778 2024 1856 2080 ὅτι

133 2123 168 2168 D
200 2115 259 2165 αἳ
285 2110 385 2180 μὲν
422 2115 534 2164 τῶν
570 2111 884 2178 ἐπιθυμιῶν
905 2108 1283 2178 πληρούμεναι
1300 2114 1494 2178 βελτίω
1525 2114 1746 2162 ποιοῦσι
1763 2106 1859 2163 τὸν

195 2190 531 2261 ἄνθρωπον,
554 2190 758 2252 ταύτας
776 2190 877 2259 μὲν
896 2187 1211 2259 ἀποτελεῖν,
1233 2194 1292 2243 αϊ
1309 2189 1366 2244 δὲ
1385 2194 1545 2260 χείρω
1559 2231 1573 2259 ,
1594 2189 1669 2259 μή
1685 2210 1695 2220 ·
1732 2194 1860 2243 τοῦ·

192 2295 253 2328 το
285 2273 344 2328 δὲ
365 2276 524 2343 τέχνη
555 2294 635 2336 τις
665 2271 828 2327 εἶναι·
864 2279 1118 2328 τοιοῦτον
1138 2271 1318 2341 ἄνδρα
1359 2273 1574 2327 τούτων
1602 2269 1726 2326 τινὰ
1762 2293 1855 2341 γε-

192 2358 415 2424 γονέναι
436 2359 569 2423 ἔχεις
589 2359 788 2420 εἰπεῖν;

332 2440 503 2490 ΚΑΛ.
550 2433 672 2490 Ούκ
694 2439 796 2505 ἔχω
815 2440 985 2507 ἔγωγε
1008 2444 1122 2501 πῶς
1142 2446 1291 2493 εἴπω.

333 2521 461 2569 LIX.
538 2522 663 2570 ΣΩ.
712 2515 843 2572 Ἀλλ’
867 2516 966 2572 ἐὰν
997 2523 1156 2590 ζητῇς
1174 2524 1381 2588 καλῶς,
1419 2515 1689 2587 εὑρήσεις·
1731 2519 1860 2570 ἴδω-

192 2617 295 2668 μεν
315 2593 381 2664 δὴ
404 2593 604 2650 οὑτωσὶ
623 2594 828 2667 ἀτρέμα
849 2599 1250 2669 σκοπούμενοι,
1282 2607 1427 2661 εἴτις
1444 2596 1657 2653 τούτων
1675 2604 1861 2651 τοιοῦ-

192 2699 286 2741 τος
302 2679 513 2747 γέγονε.
569 2680 701 2747 φέρε
727 2677 862 2747 γάρ,
885 2677 930 2733 ,ὁ
953 2676 1167 2748 ἀγαθὸς
1198 2678 1339 2750 ἀνὴρ
1371 2681 1462 2734 καὶ
1494 2678 1579 2732 ἐπὶ
1598 2675 1658 2732 τὸ
1681 2679 1859 2747 βέλτι-

194 2776 327 2814 στον
347 2762 552 2831 λέγων,
587 2757 623 2814 ὁὶ
642 2756 713 2813 ἄν
733 2762 891 2830 λέγῃ,
915 2761 1050 2816 ἄλλο
1071 2783 1121 2816 τι
1150 2760 1254 2816 οὐκ
1275 2766 1393 2833 εἰκῇ
1412 2764 1547 2830 ἐρεῖ,
1586 2757 1697 2815 ἀλλ’
1721 2758 1828 2814 ἀπο
1847 2790 1857 2803 ·
