1962 3112
0 0 609 36 WW‘T
614 0 722 31 W*
730 0 848 26 ”““·’”“”
859 0 886 10 ’
873 0 1198 33 -⁴-''·¹V?.¹›'-·“-v'·³'.·³-·
1223 0 1303 22 ·⁸'
1334 6 1338 10 ⁴
1365 0 1378 12 ·'
1447 8 1449 10 ·
1486 0 1494 6 ’

57 110 116 156 87
319 106 331 112 ’
683 103 1054 152 ΓΟΡΙἿΑΣ.
1379 122 1381 124 ’
1633 98 1738 154 235

59 241 367 309 Αθηναίων
386 235 495 293 άπὸ
516 242 622 292 σοῦ
641 233 947 308 ἀρξάμενος
966 234 1166 303 δέξαιτ’
1187 233 1262 292 ἄν
1291 236 1460 304 ἄλλος
1478 234 1740 293 ὁστισοῦν
1771 244 1806 286 D

57 321 411 376 Μακεδόνων
429 323 693 391 γενέσθαι
708 316 975 390 aalma*
940 342 973 391 η
991 316 1291 391 Ἀρχέλαος.

196 408 403 461 XXVII.
477 408 602 459 ΣΩ.
663 403 774 459 Καὶ
801 400 921 457 κατ’
945 401 1115 473 ἀρχὰς
1133 409 1245 458 τῶν
1263 402 1467 473 λόγων,
1490 424 1533 457 ω
1554 406 1736 471 Πῶλε,

55 488 230 556 ἔγωγέ
254 503 315 540 σε
345 483 644 558 ἐπῄνεσα”
612 507 697 540 οτι
719 506 813 556 μοι
842 489 1023 549 δοκεῖς
1054 487 1118 539 εὐ
1148 483 1287 556 πρὸς
1314 484 1417 556 τὴν
1434 482 1738 556 ῥητορικὴν

55 572 492 639 πεπαιδεῦσθαι,
525 573 627 623 τοῦ
657 570 716 623 δὲ
747 570 1098 637 διαλέγεσθαι
1119 566 1475 640 ἠμεληκέναι·
1517 569 1609 624 καὶ
1627 573 1739 622 νῦν

59 648 194 705 αλλο
214 673 265 705 τι
285 643 451 715 οὗτός
468 647 666 705 ἐστιν’
639 671 668 704 ο
689 649 880 720 λόγος,
917 642 965 724 ᾦ
990 671 1059 720 με
1085 647 1232 706 καὶ”
1195 672 1268 705 αν
1284 662 1412 715 παῖς
1431 651 1735 720 ἐξελέγξειε,

55 734 149 787 και
166 729 274 802 ἐγώ
295 729 406 786 υπὸ
429 738 536 787 σοῦ
555 738 689 802 νῦν,
730 754 804 796 ως
833 731 905 787 σύ
924 741 1054 804 οἴει,
1093 731 1442 804 ἐξελήλεγμαι
1461 732 1639 805 τούτῳ
1658 737 1739 806 τῷ

55 814 230 888 λόγῳ,
275 814 512 884 φάσκων
535 812 636 869 τὸν
655 811 958 870 ἀδικοῦντα
976 838 1080 871 ουκ
1100 814 1403 887 εὐδαίμονα
1423 813 1589 880 εἶναι;
1629 815 1736 869 πό·-

53 903 190 964 θεν,
222 889 267 951 ὦ
301 894 490 965 ’γαθέ;
528 898 619 951 καὶ
637 895 750 968 μὴν
768 895 936 953 οὐδέν
953 901 1023 969 γε’
1037 916 1124 954 σοι
1140 898 1359 954 τούτων
1379 895 1635 969 ὀμολογω
1656 917 1738 950 ων

55 976 127 1032 σὺ
156 978 282 1050 φῄς

194 1065 370 1116 ΠΩΛ.
415 1059 500 1116 Ov
515 1082 620 1130 γαρ
636 1063 861 1131 ἐθέλεις,
883 1062 995 1115 ἐπεὶ
1015 1064 1171 1115 δοκεῖ
1182 1063 1249 1130 γε’
1259 1077 1347 1115 σοι
1365 1057 1439 1124 ὥς
1454 1061 1560 1130 ἐγώ
1576 1062 1736 1131 λέγω.
1774 1068 1807 1107 E

197 1147 322 1198 ΣΩ.
371 1135 435 1196 Ὦ
455 1142 716 1212 μακάριε,
741 1143 1044 1212 ῥητορικῶς
1064 1142 1171 1211 γάρ
1190 1163 1258 1212 με
1278 1143 1563 1213 ἐπιχειρεῖς
1582 1144 1736 1214 ἐλέγ-

55 1245 199 1295 χειν,
240 1221 425 1291 ὥσπερ
458 1227 515 1278 οἱ
539 1226 600 1279 ἐν
630 1235 740 1287 τοῖς
770 1226 1139 1294 δικαστηρίοις
1157 1221 1460 1295 ἡγούμενοι
1478 1226 1735 1296 ἐλέγχειν.

54 1308 145 1363 καὶ
181 1305 289 1375 γὰρ
325 1308 441 1361 ἐκεῖ
472 1309 529 1361 οἱ
561 1307 738 1374 ἕτεροι
765 1304 896 1370 τοὺς
925 1307 1146 1376 ἑτέρους
1174 1309 1440 1362 δοκοῦσιν
1477 1309 1735 1378 ἐλέγχειν,

53 1387 277 1444 ἐπειδάν
294 1395 407 1443 τῶν
421 1387 604 1458 λόγων
623 1380 703 1443 ὦν
713 1383 786 1443 ἂν
804 1394 1003 1458 λέγωσι
1025 1389 1310 1459 μάρτυρας
1330 1386 1570 1454 πολλοὺς
1590 1409 1737 1457 παρ-

54 1474 283 1542 έχωνται
322 1472 412 1526 καὶ
445 1469 800 1541 εὐδοκίμους,
837 1468 864 1524 ὁ
899 1469 957 1526 δὲ
988 1467 1254 1526 τάναντία
1283 1474 1461 1542 λέγων
1490 1472 1590 1527 ἕνα
1611 1470 1734 1526 τινα

54 1555 350 1623 παρέχηται
369 1547 406 1623 ἦ
425 1555 646 1622 μηδένα.
672 1544 834 1616 οὗτος
854 1550 912 1606 δὲ
925 1549 953 1606 ὁ
974 1556 1189 1623 ἔλεγχος
1210 1551 1441 1617 οὐδενὸς
1457 1553 1608 1619 ἄξιός
1623 1555 1737 1608 ἐστι

55 1635 196 1703 πρὸς
219 1633 322 1705 τὴν
350 1633 643 1705 ἀλήθειαν·
684 1637 855 1690 ἐνίοτε
874 1633 979 1703 γὰρ
999 1630 1072 1688 ἄν
1095 1638 1181 1690 καὶ
1205 1638 1737 1706 καταψευδομαρτυ-
1764 1641 1850 1687 472

56 1722 258 1789 ρηθείη
288 1739 367 1781 τις
398 1714 506 1771 ὑπὸ
538 1723 761 1771 πολλῶν
789 1718 880 1772 καὶ
911 1718 1231 1773 δοκούντων
1251 1716 1393 1772 εἶναι
1410 1723 1475 1773 τί.
1514 1719 1608 1773 καὶ
1626 1722 1737 1772 νῦν

54 1802 180 1870 περὶ
209 1793 289 1855 ὧν
320 1798 391 1854 σύ
423 1801 596 1869 λέγεις
627 1798 820 1869 ὀλίγου
850 1816 938 1855 σοι
968 1800 1169 1865 πάντες
1187 1800 1546 1871 συμφήσουσι
1562 1806 1735 1855 ταῦτα

53 1881 338 1953 Ἀθηναῖοι
364 1883 456 1936 καὶ
486 1884 542 1937 οἱ
570 1882 743 1951 ξένοι,
783 1881 881 1938 ἐὰν
912 1882 1091 1955 βούλῃ
1119 1880 1242 1937 κατ’
1279 1884 1417 1953 ἐμοῦ
1453 1880 1737 1952 μάρτυρας

54 1967 454 2035 παρασχέσθαι,
468 1960 539 2027 ὡς
558 1961 662 2018 οὐκ
684 1961 869 2034 ἀληθῆ
887 1967 1028 2034 λέγω
1042 1986 1054 1998 ·
1075 1965 1498 2035 μαρτυρήσουσί
1511 1982 1616 2034 σοι,
1638 1961 1736 2018 ἐὰν

55 2047 159 2117 μὲν
184 2046 388 2118 βούλῃ,
429 2051 627 2110 Νικίας
655 2042 684 2100 ὁ
706 2045 1031 2115 Νικηράτου
1050 2048 1139 2101 καὶ
1163 2049 1220 2101 οί
1235 2044 1467 2116 ἀδελφοὶ
1487 2043 1605 2117 μετ’
1630 2043 1735 2100 αὐ-

57 2135 158 2182 τοῦ
171 2170 186 2197 ,
221 2120 301 2182 ὦν
320 2130 378 2182 οἱ
392 2130 645 2195 τρίποδες
665 2130 722 2182 oc
736 2129 927 2198 ἐφεξῆς
946 2130 1173 2192 ἑστῶτές
1192 2133 1332 2183 εἰσιν
1349 2130 1410 2183 ἐν
1427 2134 1503 2201 τῷ
1521 2134 1735 2184 Διονυ-

58 2216 176 2282 σίῳ,
198 2206 297 2264 ἐὰν
316 2210 386 2269 δὲ,
393 2210 589 2280 βούλῃ,
603 2207 1024 2280 Ἀριστοκράτης
1043 2206 1072 2264 ὁ
1092 2214 1383 2275 Σκελλίου,
1405 2202 1475 2264 οὗ
1497 2203 1570 2263 αὖ
1585 2213 1736 2264 ἔστιν

55 2295 118 2349 ἐν
137 2298 333 2347 Πυθοῖ
358 2298 522 2347 τοῦτο
550 2290 611 2347 τὰ
632 2289 807 2347 καλὸν
826 2289 1120 2362 ἀνάθημα,
1151 2291 1247 2346 ἐὰν
1268 2290 1326 2347 δὲ
1344 2291 1548 2363 βούλῃ,
1567 2288 1602 2363 ἡ
1622 2298 1736 2347 Πε-
1765 2297 1798 2338 Β

56 2377 307 2442 ρικλέους
340 2373 440 2443 ὅλη
479 2377 623 2429 οἰκία
652 2369 688 2443 ἦ
717 2371 853 2443 άλλη
882 2375 1201 2444 συγγένεια,
1238 2371 1437 2444 ἥντινα
1466 2369 1539 2427 ἂν
1558 2372 1736 2447 βούλῃ

54 2463 168 2511 τῶν
196 2458 426 2512 ἐνθένδε
459 2457 797 2519 ἐκλέξασθαι.
833 2452 957 2509 ἀλλ’
980 2453 1086 2524 ἐγώ
1107 2471 1194 2508 σοι
1214 2450 1289 2519 εἷς
1311 2450 1392 2510 ὦν
1412 2453 1512 2525 οὐχ
1533 2454 1737 2525 ὁμολο-

54 2545 137 2608 γῶ
152 2558 163 2569 ·
185 2536 254 2592 οὐ
272 2537 377 2607 γάρ
393 2559 457 2607 με
481 2535 551 2590 σύ
572 2535 920 2605 ἀναγκάζεις,
960 2533 1099 2591 ἀλλὰ
1119 2536 1579 2607 ψευδομάρτυρας
1597 2545 1736 2593 πολ-

58 2618 191 2684 λοὺς
219 2617 340 2674 κατ’
372 2621 511 2688 ἐμοῦ
541 2617 959 2687 παρασχόμενος
978 2620 1260 2690 ἐπιχειρεῖς
1278 2619 1568 2689 ἐκβάλλειν
1590 2641 1655 2688 με
1674 2621 1735 2675 ἐκ

55 2705 152 2770 τῆς
182 2698 373 2764 οὐσίας
399 2701 490 2755 καὶ
519 2706 619 2755 τοῦ
649 2698 912 2769 ἀληθοῦς.
955 2697 1060 2768 ἐγώ
1092 2700 1151 2756 δὲ
1183 2696 1254 2755 ἂν
1270 2700 1343 2772 μὴ
1366 2701 1425 2756 σε
1446 2698 1621 2755 αὐτὸν
1639 2701 1736 2756 ἕνα

55 2780 190 2836 ὄντα
219 2780 472 2850 μάρτυρα
502 2781 864 2850 παράσχωμαι
896 2778 1279 2851 ὁμολογοῦντα
1310 2784 1433 2849 περὶ
1467 2775 1549 2837 οἷν
1577 2785 1736 2853 λέγω.
