1994 3100
237 136 305 186 32
841 132 1316 180 ΠΛΑΤΩΝΟΣ

240 278 392 339 εἴπερ
421 269 563 323 τισὶν
591 266 803 336 ἄλλοις,
834 272 948 330 πῶς
966 261 1037 319 ἂν
1057 270 1503 335 θεραπευθεντες
1521 285 1770 334 γενοιντο
1791 262 1911 333 ἄρι-

243 368 385 408 στοι·
427 355 475 405 εἰ
502 348 554 405 δ’
586 348 692 420 ἄρα
723 353 987 411 πολλάκις
1007 345 1078 417 μὴ
1111 345 1519 416 προσεσχήκατε
1547 345 1646 401 τὸν
1676 351 1818 401 νοῦν
1838 351 1912 418 τῷ

243 433 505 507 τοιούτῳ,
549 429 960 501 ὑπομνήσοντες
995 425 1079 484 ὅτι
1109 426 1178 483 οὐ
1206 426 1307 499 χρὴ
1339 426 1513 483 αὐτοῦ
1540 426 1789 499 ἀμελεῖν,
1825 429 1914 482 καὶ

243 518 694 585 παρακαλοῦντες
720 509 864 582 ὑμᾶς
898 511 983 566 ἐπὶ
1011 508 1071 566 τὸ
1103 510 1414 580 ἐπιμέλειάν
1429 531 1553 565 τινα
1574 510 1915 581 ποιήσασθαι

241 602 355 651 τῶν
373 598 540 650 υἱέων
561 599 723 664 κοινῇ
742 590 861 663 μεθ’
884 590 1058 663 ἡμῶν.

383 683 440 732 11.
502 675 677 732 Ὅθεν
715 678 773 730 δὲ
809 672 940 745 ἡμῖν
976 671 1131 729 ταῦτ’
1172 676 1384 744 ἔδοξεν,
1440 667 1484 727 ὦ
1518 680 1688 729 Νικία
1726 695 1783 728 τε
1825 675 1916 728 καὶ

244 759 455 830 Λάχης,
476 757 576 828 χρὴ
599 755 860 824 οἰκοῦσαι,
882 752 988 811 κᾶν
1007 749 1043 827 ᾗ
1063 752 1227 828 ὀλίγῳ
1250 754 1577 851 μακρότερα.
1618 759 1916 809 συσσιτοῦ-

244 863 346 914 μεν
364 838 470 911 γὰρ
494 837 560 910 δὴ
583 838 691 908 ἐγώ
713 860 770 893 τε
789 840 881 893 καὶ
909 842 1194 939 Μελησίας
1224 835 1346 905 ὅδε,
1379 833 1516 890 καῖ’
1485 846 1617 906 ημῖν
1635 833 1702 890 τὰ
1722 834 1918 906 μειρά-

180 938 210 978 C
242 944 334 977 κια
353 931 650 993 παρασιτεῖ.
708 918 843 987 ὅπερ
865 921 969 973 οὐν
988 919 1078 973 καὶ
1106 915 1409 987 ἀρχόμενος
1427 914 1583 972 εἶπον
1602 922 1704 970 τοῦ
1721 914 1914 985 λόγου,

244 1002 740 1074 παρρησιασόμεθα
759 999 897 1071 πρὸς
918 998 1075 1071 ὑμᾶς.
1110 1020 1268 1070 ημων
1279 1020 1386 1068 γαρ
1405 997 1659 1066 ἐκατερος
1675 998 1799 1067 περὶ
1816 1002 1917 1051 τοῦ

245 1089 448 1143 ἑαυτοῦ
466 1082 672 1156 πατρὸς
690 1081 864 1139 πολλοὶ
883 1083 974 1138 καὶ
993 1081 1135 1137 καλὰ
1160 1085 1291 1151 ἔργα
1309 1084 1415 1150 ἔχει
1434 1083 1614 1150 λέγειν
1632 1075 1770 1147 πρὸς
1787 1075 1918 1142 τοὺς

248 1175 600 1239 νεανίσκους,
640 1168 731 1222 καὶ
769 1165 873 1221 ὅσα
902 1167 963 1221 ἐν
992 1165 1210 1236 πολέμῳ
1240 1161 1568 1231 εἰργάσαντο
1602 1162 1693 1216 καὶ
1721 1158 1824 1214 ὅσα
1855 1162 1915 1214 ἐν

248 1252 468 1324 εἰρήνῃ,
509 1254 848 1312 διοικοῦντες
883 1246 950 1301 τά
979 1267 1037 1300 τε
1065 1266 1180 1299 των
1209 1244 1512 1314 συμμάχων
1541 1244 1631 1298 καὶ
1660 1265 1725 1296 τα
1754 1245 1918 1313 τῆσδε

246 1342 343 1407 τῆς
371 1335 607 1400 πόλεως·
642 1331 877 1405 ἡμέτερα
907 1328 957 1384 δ’
996 1326 1184 1383 αὐτῶν
1212 1331 1345 1396 ἔργα
1378 1325 1666 1395 οὐδέτερος
1694 1328 1801 1394 ἔχει
1829 1325 1916 1379 λέ·-

249 1439 385 1488 γειν.
439 1421 611 1470 ταῦτα
633 1411 698 1484 δὴ
719 1409 1179 1481 ὑπαισχυνόμεθα
1198 1430 1255 1463 τε
1286 1406 1484 1462 τούσδε
1502 1407 1593 1461 καὶ
1612 1404 1917 1475 αἰτιώμεθα

249 1497 380 1561 τούς
398 1500 632 1564 πατέρας
650 1492 836 1566 ἡμῶν,
875 1491 961 1547 ότι
989 1489 1131 1563 ἡμᾶς
1159 1512 1261 1560 μεν
1292 1497 1421 1545 εἴων
1438 1493 1690 1562 τρυφᾷν,
1731 1483 1916 1556 ἐπειδὴ

190 1598 225 1639 D
255 1580 510 1652 μειράκια
527 1577 861 1648 ἐγενόμεθα,
895 1573 960 1629 τὰ
981 1575 1039 1628 δὲ
1067 1578 1179 1627 τῶν
1206 1571 1390 1627 ἄλλων
1410 1570 1700 1642 πράγματα
1720 1574 1920 1637 ἔπρατ-

250 1684 373 1718 τον·
409 1661 501 1717 καὶ
528 1662 710 1716 τοῖσδε
740 1668 852 1721 τοῖς
879 1660 1188 1718 νεανίσκοις
1217 1650 1355 1709 αύτα
1374 1657 1545 1707 ταῦτα
1567 1648 1920 1720 ἐνδεικνύμε-

251 1752 358 1813 θα,
379 1745 630 1812 λέγοντες
651 1739 762 1809 ὅτι,
786 1736 953 1809 εἰμεν
973 1735 1346 1808 αμελήσουσιν
1366 1736 1578 1791 εαυτῶν
1597 1734 1687 1789 καὶ
1705 1730 1777 1804 μὴ
1800 1736 1918 1786 πεί-

251 1842 443 1880 σονται
482 1821 639 1894 ἡμῖν,
678 1819 886 1883 ακλεεῖς
921 1819 1276 1890 γενήσονται,
1316 1822 1367 1874 εἰ
1399 1815 1451 1871 δ’
1485 1815 1918 1887 ἐπιμελήσονται,

250 1903 362 1978 ταχ’
393 1902 463 1961 ἂν
492 1911 603 1960 τῶν
630 1903 921 1975 ὀνομάτων
950 1902 1090 1968 ἄξιοι
1114 1903 1363 1972 γένοιντο
1393 1923 1427 1954 α
1466 1904 1702 1970 ἔχουσιν.
1765 1891 1919 1954 οὗτοι

251 2013 351 2062 μεν
382 1993 488 2045 οὐν
515 1989 650 2058 φασὶ
678 1993 994 2043 πείσεσθαι·
1030 1983 1184 2056 ἡμεῖς
1210 1983 1268 2039 δε
1300 1981 1365 2053 δὴ
1394 1989 1557 2037 τοῦτο
1581 1987 1917 2052 σκοποῦμεν,

250 2078 303 2128 τί
331 2068 403 2127 ἄν
425 2063 580 2126 οὗτοι
609 2069 885 2140 μαθόντες
913 2065 949 2137 ἢ
978 2067 1429 2138 ἐπιτηδεύσαντες
1457 2063 1489 2121 ὅ
1517 2087 1569 2120 τι
1596 2064 1810 2133 ἄριστοι
1827 2065 1921 2134 γέ·-

183 2162 218 2202 Ε
260 2175 460 2209 νοιντο.
518 2152 840 2223 εἰσηγήσατο
872 2143 976 2205 οὖν
1003 2172 1084 2214 τις
1111 2147 1242 2220 ἡμῖν
1270 2148 1360 2203 καὶ
1388 2151 1553 2201 τοῦτο
1575 2144 1636 2201 τὸ
1667 2146 1918 2217 μάθημα,

255 2235 339 2291 ὅτι
374 2235 548 2289 καλὸν
583 2239 775 2307 εἴητῷ
814 2235 920 2307 νέῳ
959 2240 1159 2303 μαθεῖν
1189 2234 1249 2285 ἐν
1267 2229 1457 2293 ὅπλοις
1477 2229 1775 2299 μάχεσθαι·
1829 2229 1921 2284 καὶ

255 2317 443 2389 ἐπῄνει
471 2321 673 2370 τοῦτον
698 2312 766 2369 ὂν
784 2321 894 2370 νῦν
921 2312 1075 2385 ὑμεῖς
1102 2312 1417 2369 ἐθεασασθε
1448 2309 1915 2380 ἐπιδεικνύμενον,

253 2393 367 2472 κᾷτ’
396 2401 612 2454 ἐκέλευε
641 2397 974 2453 θεασασθαι.
1033 2399 1182 2460 ἔδοξε
1216 2392 1282 2465 δὴ
1304 2400 1502 2464 χρῆναι
1527 2391 1732 2455 αύτούς
1753 2412 1812 2446 τε
1830 2394 1919 2445 ἐλ-

255 2486 382 2536 θεῖν
401 2481 488 2536 ἐπὶ
506 2484 649 2535 θέαν
677 2475 915 2549 τανδρὸς
947 2479 1039 2533 καὶ
1056 2475 1199 2548 ὑμᾶς
1217 2479 1667 2547 συμπαραλαβεῖν
1686 2470 1798 2543 ἅμα
1817 2495 1919 2543 μεν

257 2560 595 2630 συνθεατοῖς,
635 2559 747 2631 α’μα
776 2563 833 2616 δὲ
864 2559 1221 2631 συμβούλους
1245 2580 1304 2614 τε
1326 2559 1417 2613 καὶ
1447 2557 1780 2627 κοινωνούς,
1819 2553 1918 2611 ἐὰν

141 2656 228 2701 180
259 2642 543 2714 βούλησθε
556 2686 570 2712 ,
601 2646 838 2715 περὶτῆς
857 2650 971 2699 τῶν
990 2648 1160 2699 υἱέων
1178 2646 1494 2714 ἐπιμελείας.
1549 2639 1697 2695 ταῦτ’
1718 2643 1866 2697 ἐστὶν
1884 2639 1917 2695 ἃ

252 2724 598 2795 ἐβουλόμεθα
633 2722 765 2795 ὑμῖν
802 2724 1303 2781 ἄνακοινώσασθαι.
1367 2722 1473 2795 ἤδη
1511 2717 1617 2778 οὖν
1652 2721 1919 2794 ὑμέτερον

252 2810 415 2875 μέρος
434 2807 838 2877 συμβουλεύειν
856 2809 946 2862 καὶ
966 2809 1088 2873 περὶ
1105 2807 1308 2862 τούτου
1326 2810 1429 2861 τοῦ
1449 2806 1792 2876 μαθήματος,
1814 2812 1917 2859 εἴτε
