1962 3112
182 111 231 163 u
303 67 306 69 ’
374 67 379 71 ’
822 107 1190 156 ΓοῬιἿΑΣ.
1751 103 1859 159 279

173 235 250 300 οὗ
262 241 564 315 θεραπεύει
592 243 682 298 καὶ
712 238 815 312 τὴν
845 240 1023 311 φύσιν
1047 243 1302 296 ἔσκεπται
1333 241 1424 297 καὶ
1451 238 1555 312 τὴν
1574 244 1754 296 αἰτίαν
1773 231 1855 297 ὧν

170 324 420 392 πράττει,
460 327 550 380 καὶ
578 323 748 393 λόγον
778 326 885 394 ἔχει
911 322 1130 379 τούτων
1160 321 1396 379 ἑκάστου
1426 326 1650 391 δοῦναι,
1689 319 1723 393 ἡ
1765 327 1854 379 ία-

169 405 355 477 τρική·
390 403 426 476 ἡ
458 403 509 461 δ’
535 406 690 476 ἑτέρα
720 411 815 476 τῆς
845 402 1077 477 ἡδονῆς,
1117 403 1256 476 πρὸς
1274 403 1346 477 ἣν
1363 403 1397 478 ἡ
1417 412 1690 475 θεραπεία
1710 402 1851 479 αὐτῇ

167 489 318 544 ἐστὶν
336 487 551 558 ἅπασα,
591 491 791 559 κομιδῇ
810 483 1046 556 ἀτέχνως
1065 484 1153 542 ἐπ’
1175 485 1351 559 αὐτὴν
1370 491 1609 558 ἔρχεται,
1649 486 1779 542 οὔτε
1798 508 1851 542 τι

167 570 267 641 τὴν
286 570 461 641 φύσιν
476 571 791 639 σκεψαμένη
806 573 903 638 τῆς
920 566 1125 640 ἡδονῆς
1146 567 1274 624 οὔτε
1292 566 1396 640 τὴν
1415 574 1613 638 αἰτίαν,
1636 566 1850 638 ἀλόγως

164 674 222 707 τε
251 653 628 722 παντάπασιν,
671 648 744 715 ὡς
772 655 900 715 ἔπος
920 655 1117 720 εἰπεῖν,
1157 648 1327 707 οὐδὲν
1347 651 1847 722 διαριθμησαμένη,

165 739 327 806 τριβῇ
351 734 443 789 καὶ
474 735 724 805 ἐμπειρίᾳ
754 731 979 803 μνήμην
1006 733 1184 806 μόνον
1214 735 1493 805 σωζομένη
1523 740 1627 789 τοῦ
1646 732 1849 789 εἰωθό-
1914 740 1917 743 ’

169 837 256 880 τος
273 821 594 886 γίγνεσθαι,
635 808 682 887 ᾦ
701 813 767 884 δὴ
789 817 879 869 καὶ
898 821 1171 884 πορίζεται
1190 815 1288 881 τὰς
1303 814 1526 888 ἡδονάς.
1559 813 1715 870 ταῦτ’
1742 809 1848 871 οὖν
1878 823 1913 868 Β

163 903 386 966 πρῶτον
405 897 599 953 σκόπει
619 901 670 952 εἰ
686 900 841 953 δοκεῖ
855 916 942 953 σοι
963 901 1167 962 [κανῶς
1187 902 1472 971 λέγεσθαι,
1494 899 1586 954 καὶ
1605 896 1753 954 εἶναί
1764 919 1846 952 τι·-

164 1002 256 1045 νες
285 982 376 1036 καὶ
404 983 524 1049 περὶ
555 978 742 1050 ψυχὴν
767 987 1018 1035 τοιαῦται
1048 979 1209 1035 ἄλλαι
1239 992 1630 1052 πραγματεῖαι,
1670 984 1730 1036 αἱ
1745 985 1848 1052 μὲν

162 1068 428 1134 τεχνικαί,
469 1062 824 1134 προμήθειάν
859 1085 982 1118 τινα
1007 1066 1243 1138 ,ἔχουσαι
1271 1070 1375 1118 τοῦ
1400 1069 1689 1134 βελτίστου
1721 1066 1847 1132 περὶ

162 1148 267 1218 τὴν
284 1146 467 1218 ψυχήν
483 1188 496 1215 ,
517 1149 578 1201 αἱ
595 1144 653 1200 δὲ
671 1145 876 1200 τούτου
894 1145 996 1216 μὲν
1015 1142 1388 1215 ὀλιγωροῦσαι
1403 1187 1418 1216 ,
1441 1148 1769 1216 ἐσκεμμέναι
1790 1144 1843 1202 δ’

164 1223 266 1298 αὖ,
306 1228 490 1298 ὥσπερ
519 1232 654 1295 ἐκεῖ,
692 1225 794 1298 τὴν
824 1224 1036 1298 ἡδονὴν
1055 1229 1234 1299 μόνον
1264 1234 1357 1300 τῆς
1388 1235 1592 1301 ψυχῆς,
1630 1233 1754 1284 τίνα
1773 1225 1846 1284 ἂν

163 1309 311 1383 αὐτῇ
335 1310 544 1379 τρόπον
573 1314 844 1379 γίγνοιτο,
880 1307 998 1380 ἥτις
1028 1310 1088 1367 δὲ
1115 1307 1152 1382 ἢ
1180 1316 1412 1382 βελτίων
1443 1306 1481 1382 ἦ
1512 1316 1714 1381 χείρων
1733 1316 1847 1366 τῶν

161 1391 411 1465 ἡδονῶν,
447 1391 575 1447 οὔτε
592 1392 970 1462 σκοπούμεναι
989 1390 1117 1448 οὔτε
1137 1395 1306 1464 μέλον
1326 1390 1517 1458 αὐταῖς
1536 1391 1670 1450 ἄλλο
1690 1389 1727 1465 ἦ
1746 1414 1848 1464 χα-

161 1479 406 1543 ρίζεσθαι
426 1473 631 1545 μόνον,
662 1481 769 1530 εἴτε
787 1479 1005 1546 βέλτιον
1026 1482 1133 1530 εἴτε
1151 1487 1349 1547 χεῖρον.
1372 1478 1490 1547 ἐμοὶ
1511 1476 1614 1547 μὲν
1631 1475 1737 1547 γάρ
1752 1518 1767 1547 ,
1802 1466 1848 1531 (ὅ
1873 1490 1905 1534 0

162 1562 504 1628 Καλλίκλεις,
530 1562 763 1613 δοκοῦσί
778 1579 835 1612 τε
856 1556 1011 1629 εἶναι,
1035 1559 1124 1614 καὶ
1146 1560 1321 1629 ἔγωγέ
1340 1581 1483 1630 φημι
1500 1556 1559 1614 τὸ
1581 1563 1840 1614 τοιοῦτον

161 1644 455 1694 κολακείαν
485 1638 624 1694 εἶναι
653 1641 744 1694 καὶ
774 1641 897 1708 περὶ
926 1647 1083 1710 σῶμα
1107 1641 1199 1695 καὶ
1227 1642 1352 1710 περὶ
1383 1637 1568 1711 ψυχὴν
1596 1640 1689 1695 καὶ
1720 1640 1845 1710 περὶ

165 1719 298 1775 ἄλλο
320 1719 454 1776 ὅτου
474 1720 547 1777 ἄν
563 1743 644 1787 τις
669 1721 772 1792 τὴν
798 1718 1010 1793 ἡδονήν
1037 1722 1355 1794 θεραπεύῃ,
1390 1719 1673 1786 ἀσκέπτως
1703 1725 1843 1792 ἔχων

164 1809 265 1856 τοῦ
301 1800 593 1873 ἀμείνονός
622 1826 679 1860 τε
706 1805 798 1860 καὶ
835 1810 937 1860 τοῦ
974 1809 1248 1875 χείρονος·
1287 1802 1358 1860 σὺ
1401 1803 1461 1860 δὲ
1499 1801 1566 1875 δὴ
1603 1801 1843 1872 πότερον

164 1891 630 1955 συγκατατίθεσαι
667 1883 799 1958 ἡμῖν
833 1887 958 1956 περὶ
996 1886 1212 1943 τούτων
1251 1885 1356 1958 τὴν
1396 1883 1574 1958 αὐτὴν
1603 1886 1774 1953 δόξαν
1805 1881 1844 1958 ἦ

162 1964 424 2040 ἄντι’φῃς;

307 2055 479 2107 ΚΑΛ.
534 2051 655 2108 Οὐκ
681 2057 881 2125 ἔγωγε,
921 2052 1059 2110 ἀλλὰ
1079 2059 1376 2125 συγχωρῶ,
1414 2054 1507 2108 ἵνα
1528 2067 1616 2106 σοι
1634 2050 1726 2105 καὶ
1744 2068 1846 2105 πε-

167 2140 355 2205 ρανθῇ
370 2132 399 2189 ὁ
419 2135 581 2204 λόγος
600 2137 690 2191 καὶ
709 2141 917 2210 Γοργίᾳ
935 2141 1076 2210 τῷδε
1094 2141 1413 2207 χαρίσωμαι.

303 2220 426 2271 ΣΩ.
478 2215 730 2285 Πότερον
761 2216 819 2272 δὲ
848 2221 971 2287 περὶ
1000 2219 1104 2288 μὲν
1134 2223 1267 2288 μίαν
1298 2215 1482 2288 ψυχὴν
1513 2220 1626 2271 ἔστι
1657 2220 1837 2284 τοῦτο,
1869 2231 1905 2274 D

163 2298 286 2366 περὶ
307 2297 365 2354 δὲ
386 2297 488 2353 δύο
507 2299 597 2354 καὶ
616 2299 821 2364 πολλὰς
838 2297 943 2354 οὐκ
962 2303 1137 2365 ἔστιν;

305 2388 475 2439 ΚΑΛ.
538 2381 661 2438 Οὔκ
674 2424 690 2452 ,
711 2381 850 2439 ἀλλὰ
870 2385 961 2440 καὶ
980 2386 1104 2454 περὶ
1124 2382 1226 2439 δύο
1246 2386 1337 2439 καὶ
1356 2385 1479 2451 περὶ
1500 2380 1722 2447 πολλάς.

306 2471 429 2521 ΣΩ.
481 2464 712 2521 Οὐκοῦν
728 2469 818 2522 καὶ
837 2465 1072 2536 α’θρόαις
1091 2465 1204 2537 ἅμα
1220 2470 1538 2538 χαρίζεσθαι
1553 2469 1683 2538 ἔστι,
1704 2463 1842 2537 μηδὲ

164 2545 555 2619 σκοπούμενον
573 2547 633 2602 τό
654 2549 939 2618 βέλτιστον
954 2574 968 2616 ;

306 2635 477 2686 ΚΑΛ.
534 2628 701 2700 Οἶμαι
721 2634 906 2700 ἔγωγε.

304 2717 454 2768 Lvn.
509 2716 632 2767 ΣΩ.
675 2710 849 2782 ’Ἑχεις
868 2705 975 2766 οὖν
995 2714 1184 2784 εἰπεῖν,
1208 2715 1407 2778 αἵτινές
1426 2717 1567 2769 εἰσιν
1582 2714 1644 2769 αἰ
1657 2712 1843 2783 ἐπιτη-

164 2793 382 2857 δεύσεις
411 2796 471 2847 αἱ
494 2799 658 2849 τοῦτο
684 2799 969 2859 uomicam
1009 2798 1221 2863 μᾶλλον
1251 2795 1338 2865 δέ,
1376 2799 1422 2850 εἰ
1451 2793 1668 2865 βούλει,
1705 2794 1842 2865 ἐμοῦ
