1962 3112
76 106 135 151 55
733 98 1096 147 ΓΟΡΓΙΑΣ.
1660 98 1766 151 233

218 238 345 290 ΣΩ.
401 238 579 289 Τοῦτο
599 230 701 303 μὲν
720 233 808 303 δή,
830 228 905 297 ὥς
925 235 1088 304 ἔοικε,
1111 231 1203 288 καὶ
1221 231 1370 302 παρὰ
1390 237 1495 289 σοῦ
1515 237 1606 290 καὶ
1625 232 1761 303 παρ’

81 319 220 388 ἐμοῦ
244 312 603 387 ὁμολογεῖται.

222 403 402 454 ΠΩΛ.
455 402 588 453 Ναί.

223 486 348 536 ΣΩ.
404 480 550 537 Πότε
578 472 685 535 οὖν
713 475 786 533 σύ
815 475 926 549 φῂς
953 476 1184 549 ἄμεινον
1203 476 1344 534 εἶναι
1362 483 1535 534 ταῦτα
1555 489 1765 546 ποιεῑν;

80 566 195 619 εἰπὲ
217 569 339 618 τίνα
359 560 498 633 ὅρον
516 560 696 632 ὁρίζει.

222 649 401 700 ΠΩΛ.
452 642 542 699 Συ
562 646 665 714 μὲν
687 635 820 711 οὖν,
855 635 900 696 ὦ
920 641 1245 713 Σώκρατες,
1278 639 1575 712 ἀπόκριναι
1594 638 1763 699 ταύτὸ

78 748 261 783 τουτο.

220 812 344 864 ΣΩ.
393 804 528 876 Ἐγώ
563 807 670 879 μὲν
702 810 897 862 τοίνυν
926 811 1093 878 φημί,
1134 798 1179 861 ὦ
1213 811 1377 861 Ham
1391 847 1407 876 ,
1448 814 1501 862 εἴ
1518 823 1606 862 σοι
1624 805 1757 879 παρ’
1793 818 1825 860 G

85 892 223 962 ἐμοῦ
251 888 415 960 ἥδιόν
445 891 595 943 ἐστιν
624 886 879 959 ἀκούειν,
918 886 1054 944 ὅταν
1082 889 1184 960 μὲν
1215 891 1439 953 δικαίως
1473 909 1554 954 τις
1589 895 1763 945 ταῦτα

78 977 209 1044 ποιῇ
222 1013 237 1040 ,
258 970 490 1041 ἄμεινον
509 969 675 1041 εἶναι,
696 968 834 1025 ὅταν
853 969 912 1026 δὲ
930 969 1134 1035 ἀδίκως
1150 1012 1164 1039 ,
1185 970 1398 1026 κάκιον.

221 1058 402 1110 XXVI.
478 1057 654 1107 ΠΩΛ.
710 1052 974 1108 Χαλεπόν
998 1054 1063 1123 γέ
1090 1069 1151 1108 σε
1182 1055 1419 1123 ἐλέγξαι,
1460 1046 1505 1107 ὦ
1524 1053 1765 1124 Σωκρα-

76 1155 186 1199 τες·
209 1132 323 1190 ἀλλ’
346 1132 468 1205 οὐχὶ
486 1130 596 1189 κάν
607 1146 734 1199 παῖς
752 1150 814 1189 σε
834 1136 1116 1205 ἐλέγξειεν,
1139 1132 1226 1190 ὅτι
1242 1133 1345 1191 οὐκ
1362 1131 1547 1206 ἀληθῆ
1569 1138 1766 1206 λέγεις;

223 1222 351 1273 ΣΩ.
405 1215 634 1288 Πολλὴν
664 1216 771 1286 ἀρα
800 1216 907 1287 ἐγώ
940 1223 1015 1290 τῷ
1036 1218 1188 1272 παιδὶ
1206 1216 1369 1288 χάριν
1387 1217 1518 1289 ἔξω,
1558 1225 1685 1290 ἴσην
1707 1218 1767 1275 δὲ

81 1300 172 1354 καὶ
204 1304 321 1369 σοι’,
358 1298 459 1355 ἐάν
485 1321 551 1369 με
583 1300 803 1371 ἐλέγξῃς
831 1300 924 1354 καὶ
953 1296 1269 1372 ἀπαλλάξῃς
1299 1304 1588 1369 φλυαρίας.
1626 1295 1764 1356 ἀλλά

83 1378 159 1452 μὴ
179 1381 356 1453 κάμῃς
374 1385 541 1451 φίλον
562 1379 742 1449 ἄνδρα
761 1378 1096 1452 εὐεργετῶν,
1117 1379 1239 1437 ἀλλ’
1263 1386 1461 1453 ἔλεγχε.

223 1467 405 1518 ΠΩΛ.
450 1460 611 1518 Ἀλλᾶ
633 1462 747 1534 μήν
760 1504 775 1532 ,
799 1454 844 1516 ὦ
862 1461 1187 1535 Σώκρατες,
1207 1461 1378 1519 οὐδέν
1396 1467 1461 1534 γε’
1476 1481 1538 1520 σε
1559 1467 1644 1519 δεῖ
1660 1484 1767 1519 πα-
1798 1475 1833 1516 D

80 1550 255 1608 λαιοῐς
281 1542 602 1615 πράγμασιν
629 1545 894 1614 ἐλέγχειν·
932 1541 998 1598 τὰ
1029 1542 1137 1616 γὰρ
1168 1547 1326 1615 ἐχθὲς
1346 1547 1437 1602 καὶ
1457 1546 1652 1618 πρώην
1670 1567 1768 1618 γε-

81 1627 287 1696 γονότα
314 1634 486 1682 ταῦτα
516 1627 683 1682 ἱκανά
712 1645 772 1682 σε
804 1628 1071 1696 ἐξελέγξαι
1102 1628 1215 1683 ἐστὶ
1234 1630 1324 1683 καὶ
1344 1625 1653 1700 ἀποδεῖξαι,
1694 1625 1767 1694 ὥς

85 1710 278 1765 πολλοὶ
296 1706 620 1774 ἀδικοῦντες
639 1706 932 1778 ἅνθρωποι
955 1706 1279 1780 εὐδαίμονές
1303 1714 1457 1765 εἰσιν.

222 1796 349 1847 ΣΩ.
410 1788 490 1846 Τά
513 1801 640 1846 ποῖα
663 1797 864 1854 ‘cathon

223 1880 401 1931 ΠΩΛ.
456 1871 746 1945 Ἀρχέλαον
762 1874 945 1946 δήπου
962 1880 1164 1930 τοῦτον
1180 1876 1280 1932 τὸν
1294 1879 1614 1944 Περδίκκου
1633 1874 1769 1951 ὁρᾷς

82 1959 324 2031 ἄρχοντα
343 1963 728 2032 Μακεδονίας;

224 2047 349 2098 ΣΩ.
410 2047 482 2098 Ec
498 2042 557 2097 δὲ
576 2039 678 2112 μή,
700 2038 825 2096 ἀλλ’
847 2039 1038 2097 ἀκούω
1061 2065 1138 2113 γε.

226 2128 400 2179 ΠΩΛ.
455 2121 760 2194 Εὐδαίμων
781 2117 888 2179 οὖν
912 2139 1000 2179 σοι
1019 2128 1174 2180 δοκεῖ
1192 2122 1332 2180 εἶναι
1349 2119 1386 2196 ἦ
1406 2123 1630 2192 ἅθλιος;

225 2211 348 2262 ΣΩ.
407 2203 526 2261 Οὐκ
548 2204 699 2276 οἶδα,
740 2199 785 2261 ὦ
814 2210 975 2261 Πῶλε
989 2227 1000 2238 ·
1038 2203 1108 2262 οὐ
1126 2205 1233 2277 γάρ
1255 2226 1340 2261 πω
1362 2209 1673 2278 συγγέγονα
1691 2213 1768 2283 τῷ

82 2286 259 2356 ἀνδρί

221 2375 402 2427 ΠΩΑ.
463 2376 514 2426 Τ
509 2377 533 2427 ί
557 2373 620 2427 δέ
629 2395 644 2437 3
683 2371 1092 2443 συγγενόμενος
1122 2368 1195 2426 ἀν
1230 2377 1450 2444 γνοίης,
1490 2371 1669 2438 ἄλλως
1706 2373 1767 2429 δὲ
1799 2382 1830 2423 B

82 2451 329 2508 αὐτόθεν
350 2451 419 2507 οὐ
438 2453 763 2524 γιγνώσκεις
781 2451 867 2509 ὅτι
886 2451 1227 2525 εὐδαιμονεῖς

224 2539 347 2590 ΣΩ.
407 2533 509 2589 Μὰ
530 2532 623 2589 Δί’
653 2532 722 2588 οὐ
747 2538 899 2605 δῆτα.

223 2621 402 2672 [IRA.
456 2622 651 2687 Δῆλον
671 2617 738 2686 δή
753 2658 768 2683 ,
807 2611 853 2671 ὦ
872 2617 1192 2686 Σώκρατες,
1222 2616 1308 2673 ὅτι
1328 2615 1459 2675 οὐδὲ
1477 2617 1578 2673 τὸν
1594 2617 1771 2690 μέγαν

86 2698 311 2754 Βασιλέα
330 2698 663 2769 γιγνώσκειν
685 2698 882 2768 φήσεις
902 2696 1205 2770 εὐδαίμονα
1225 2697 1379 2755 ὄντα.
