2020 3094
858 91 1162 140 ΛΛΧΗΣ.
1790 88 1860 140 59

180 226 280 284 ἄλλ
336 226 470 282 ἅττα
490 224 599 298 ἡγῇ
613 268 627 294 ,
650 223 803 297 ἡμεῖς
823 226 880 282 δὲ
899 225 1053 281 ἄλλα.
1076 220 1113 278 ἃ
1130 223 1232 294 μὲν
1249 215 1356 278 οὖν
1373 220 1525 294 ἡμεῖς
1543 221 1852 296 ἡγούμεθα,

180 310 470 380 φράσομέν
488 325 577 363 σοι
590 330 601 341 ·
624 306 696 363 σύ
717 308 776 364 δὲ
794 304 867 363 ἂν
886 304 959 378 μὴ
981 302 1270 377 ὁμολογῇς,
1293 304 1540 370 διδάξεις.
1560 303 1854 377 ἡγούμεθα

181 389 232 445 δ’
259 388 411 461 ἡμεῖς
432 388 585 444 δεινὰ
602 388 704 460 μὲν
725 388 864 445 εἶναι
882 385 919 443 ἃ
948 389 1039 443 καὶ
1058 390 1179 451 δέος
1199 387 1420 457 παρέχει
1434 429 1448 456 ,
1485 389 1772 458 θαρραλέοι
1795 389 1854 444 δὲ

178 470 215 526 ἃ
234 470 307 542 μὴ
341 474 462 536 δέος
490 473 732 541 παρέχει·
769 471 891 534 δέος
920 469 979 525 δὲ
1009 470 1230 539 παρέχει
1260 466 1327 524 οὐ
1346 467 1412 524 τὰ
1432 469 1700 540 γεγονότα
1722 468 1855 526 οὐδὲ

178 552 244 608 τὰ
279 551 528 621 παρόντα
561 558 676 607 τῶν
711 556 926 620 κακῶν,
965 547 1102 606 ἀλλά
1132 547 1199 604 τὰ
1231 551 1668 622 προσδοκώμενα
1682 570 1695 582 ·
1734 555 1856 617 δέος

178 633 286 704 γὰρ
315 633 456 690 εἶναι
484 637 825 703 προσδοκίαν
852 633 1147 703 μέλλοντος
1176 638 1380 687 κακοῦ·
1420 629 1456 704 ἦ
1476 632 1577 704 οὐχ
1598 632 1744 690 οὕτω
1762 636 1855 690 καὶ

176 717 262 772 σοὶ
283 719 459 784 δοκεῖ,
481 708 527 770 ὦ
544 715 756 787 Λάχης;

314 803 434 855 ΛΑ.
487 798 652 854 Πάνυ
670 821 732 869 γε
754 798 1000 870 σφόδρα,
1022 791 1066 853 ὦ
1086 798 1395 867 Σώκρατες.

319 885 443 936 ΣΩ.
502 878 581 936 Τὰ
603 880 706 952 μὲν
722 879 957 952 ἡμέτερα
976 883 1188 947 τοίνυν,
1210 873 1257 934 ὦ
1274 885 1463 951 Νικία,
1487 878 1736 951 ἀκούεις,
1769 881 1854 938 ὅτι

178 960 333 1019 δεινὰ
362 962 464 1034 μὲν
490 959 557 1017 τὰ
587 965 856 1033 μέλλοντα
883 983 1027 1017 κακα
1058 981 1243 1032 φαμεν
1271 959 1439 1032 εἶναι,
1478 964 1764 1032 θαρραλέα
1794 964 1854 1019 δὲ

173 1044 240 1101 τὰ
267 1043 340 1115 μὴ
372 1043 512 1099 κακὰ
540 1039 576 1115 ἢ
605 1040 790 1113 ἀγαθὰ
817 1044 1113 1113 μέλλοντα’
1152 1039 1223 1097 σὺ
1244 1041 1302 1098 δὲ
1323 1042 1494 1116 ταύτῃ
1512 1038 1550 1115 ἦ
1568 1042 1708 1117 ἄλλῃ
1729 1046 1853 1114 περὶ

173 1129 391 1186 τούτων
407 1129 608 1198 λέγεις;

314 1217 418 1267 ΝΙ.
479 1210 666 1283 Ταύτῃ
690 1213 875 1280 ἔγωγε.

318 1298 443 1348 ΣΩ.
504 1290 734 1346 Τούτων
753 1292 816 1347 δέ
829 1313 892 1361 γε
911 1289 1015 1363 τὴν
1033 1291 1338 1364 ἐπιστήμην
1357 1290 1622 1363 ἀνδρείαν
1642 1310 1854 1362 προσα-

173 1374 445 1446 γορεύειςς

315 1462 419 1513 ΝΙ.
470 1458 688 1528 Κομιδῇ
707 1477 782 1525 γε.

312 1544 540 1596 xxvln.
608 1541 733 1593 ΣΩ.
770 1535 886 1592 ”Eu
916 1535 982 1608 δὴ
1003 1535 1064 1593 τὸ
1087 1544 1272 1607 τρίτον
1292 1539 1630 1609 σκεψώμεθα
1649 1542 1699 1594 εἰ
1716 1543 1852 1604 ξυν-

175 1624 331 1677 δοκεῖ
346 1625 440 1677 σοί
451 1641 510 1675 τε
529 1620 619 1675 καὶ
635 1615 783 1690 ἡμῖν.

314 1707 418 1758 ΝΙ.
477 1699 550 1757 Τὰ
572 1712 734 1757 ποῖον
755 1698 822 1771 δὴ
846 1706 1038 1769 τοῦτο;

314 1787 440 1839 ΣΩ.
490 1780 623 1852 Ἐγώ
643 1779 710 1854 δὴ
732 1781 945 1852 φράσω.
979 1786 1136 1839 δοκεῖ
1147 1781 1254 1854 γὰρ
1276 1782 1342 1854 δὴ
1364 1786 1490 1855 ἐμοί
1502 1805 1560 1839 τε
1579 1784 1671 1840 καὶ
1690 1786 1847 1856 τῷδε,

172 1868 295 1939 περὶ
315 1863 466 1923 ὅσων
484 1866 633 1922 ἐστὶν
650 1866 918 1937 ἐπιστήμη
933 1908 946 1934 ,
986 1865 1090 1922 ούκ
1109 1865 1246 1937 ἄλλη
1266 1865 1365 1936 μὲν
1386 1864 1526 1921 εἶναι
1545 1866 1668 1934 περὶ
1688 1886 1850 1935 γεγο-

175 1949 364 2019 νότος,
402 1950 606 2003 είδέναι
634 1944 744 2019 ὅπῃ
772 1949 1031 2019 γέγονεν,
1073 1947 1212 2019 ἄλλη
1243 1948 1302 2005 δὲ
1331 1949 1455 2018 περὶ
1486 1949 1848 2019 γιγνομένων,

171 2028 282 2103 ὅπῃ
298 2034 537 2100 γύγνεται
552 2070 568 2098 ,
601 2026 739 2099 ἄλλη
758 2028 816 2084 δὲ
837 2028 945 2102 ὅπῃ
964 2026 1037 2085 ἂν
1056 2030 1321 2085 κάλλιστα
1340 2031 1553 2099 γένοιτο
1573 2029 1664 2083 καὶ
1681 2028 1850 2100 γενή-

171 2128 324 2167 σεται
339 2109 399 2166 ‘cd
424 2110 587 2181 μήπω
604 2110 862 2181 γεγονός,
899 2109 1024 2167 ἀλλ’
1053 2109 1087 2183 ἡ
1116 2109 1295 2190 αὐτήκ
1310 2107 1431 2168 οἶον
1448 2108 1652 2179 περὶτὰ
1673 2108 1847 2181 ὑγιει-

172 2191 277 2247 νόν
308 2195 384 2257 εἰς
410 2190 656 2256 ἅπαντας
682 2192 812 2257 τοὺς
842 2193 1081 2263 χρόνους
1108 2192 1211 2250 οὐκ
1240 2192 1378 2265 ἄλλη
1399 2215 1479 2258 τις
1495 2189 1532 2265 ἦ
1550 2191 1582 2265 ἡ
1614 2192 1847 2264 ἰατρική,

169 2279 267 2344 μία
287 2266 430 2329 οὖσα
443 2315 457 2341 ,
489 2275 666 2345 ἐφορᾷ
685 2275 775 2330 καὶ
791 2274 1092 2346 γιγνόμενα
1110 2277 1201 2332 καὶ
1218 2275 1487 2346 γεγονότα
1505 2275 1595 2330 καὶ
1610 2274 1850 2347 γενησό-

169 2376 308 2424 μενα
320 2396 337 2424 ,
375 2353 484 2426 ὅπῃ
501 2353 789 2424 γενήσεται
803 2376 814 2386 ·
851 2357 942 2411 καὶ
960 2353 1167 2424 περὶτὰ
1188 2358 1246 2411 ἐκ
1266 2362 1362 2427 τῆς
1378 2362 1479 2427 γῆς
1497 2349 1571 2411 αὖ
1590 2354 1845 2427 φυόμενα

172 2433 203 2507 ἡ
225 2441 460 2505 γεωργία
482 2432 744 2500 ὡσαύτως
763 2441 871 2506 ἔχει
885 2458 896 2468 ·
933 2438 1024 2493 καὶ
1056 2437 1237 2508 δήπου
1255 2437 1321 2493 τὰ
1341 2438 1464 2507 περὶ
1482 2435 1581 2494 τὸν
1601 2437 1846 2509 πόλεμον

169 2513 328 2572 αὐτοὶ
356 2511 430 2571 ἄν
447 2517 852 2588 μαρτυρήσαιτε
872 2516 1009 2590 ὄτιὴ
1031 2526 1327 2592 στρατηγία
1346 2519 1608 2577 κάλλιστα
1627 2542 1845 2591 προμη-

167 2608 350 2657 θεῖται
378 2601 444 2655 τά
474 2624 530 2657 τε
562 2599 700 2658 ἄλλα
730 2603 821 2658 καὶ
849 2604 973 2671 περὶ
1002 2601 1063 2659 τὸ
1092 2606 1296 2675 μέλλον
1326 2607 1580 2676 ἔσεσθαι,
1620 2601 1750 2659 οὐδὲ
1779 2610 1844 2675 τῇ

169 2690 405 2755 μαντικῇ
442 2690 613 2740 οἴεται
650 2689 766 2740 δεῖν
795 2681 1088 2756 ὑπηρετεῖν
1125 2683 1264 2742 ἄλλα
1303 2685 1515 2757 ἄρχειν,
1556 2683 1629 2750 ὥς
1668 2688 1843 2741 εἰδυῖα

170 2762 397 2819 κάλλιον
414 2762 480 2820 τὰ
511 2768 634 2835 περὶ
664 2767 764 2822 τὸν
784 2767 1029 2839 πόλεμον
1053 2769 1143 2825 καὶ
1170 2766 1471 2839 γιγνόμενα
1491 2768 1582 2824 καὶ
1603 2782 1840 2838 γενησο-
