1962 3112
189 141 290 192 190
775 142 1256 192 ΠΛΑΤῼΝΟΣ
1773 156 1860 197 102

1188 273 1268 294 ἋΡΙ

193 281 379 330 Ταῦτα
401 276 459 331 δὲ
477 274 667 346 ἀγαθά
688 277 798 330 ἐστι
818 273 890 329 δι’
922 274 1057 330 ἄλλο
1077 298 1127 330 τι
1140 317 1154 344 ,
1174 298 1209 380 η
1234 298 1319 332 οτι
1338 282 1411 342 εἰς
1429 276 1636 348 ἡδονάς
1654 278 1858 335 ἀποτε-

187 362 355 429 λευτᾷ
375 359 465 412 καὶ
485 363 679 412 λυπῶν
699 354 1015 426 ἀπαλλαγάς
1033 379 1090 411 τε
1110 359 1201 412 καὶ
1219 355 1559 426 ἀποτροποὲς·
1546 402 1560 426 ,
1589 356 1621 430 ἠ
1617 358 1791 431 ἔχετέ
1805 385 1862 416 τι.

126 451 157 492 c
187 436 320 492 ἄλλο
350 441 502 501 τέλος
532 440 737 507 λέγειν,
768 442 843 502 εἰς
871 436 902 493 ὃ
931 437 1338 510 ἀποβλέψαντες
1367 438 1505 495 αὐτοὶ
1535 440 1721 511 ἀγαθὰ
1752 465 1855 497 κα-

189 525 344 588 λεῖτε,
367 517 488 574 ἀλλ’
512 517 714 590 ἡδονάς
732 540 789 574 τε
807 521 897 575 καὶ
918 520 1119 584 λύπας;
1156 518 1259 575 οὐκ
1282 517 1573 590 ὄὶνφαῖεν,
1612 520 1684 586 ῶς
1713 517 1856 596 ἐγῷ-

188 622 297 669 μαι.
358 598 500 655 Οὐδ’
530 603 646 671 ἐμοὶ
677 605 848 669 δοκεῖ,
888 607 991 671 ἔφη
1012 599 1040 656 6
1061 601 1448 672 Πρωταγόρας.
1506 601 1735 658 Οὐκοῦν
1751 602 1861 674 τὴν

189 681 291 752 μὲν
309 680 521 753 ἡδονὴν
541 682 763 737 διώκετε
783 680 855 747 ῶς
873 681 1093 753 ἀγαθὸν
1114 682 1197 750 ὅν,
1219 683 1320 753 τὴν
1340 684 1398 739 δὲ
1421 684 1604 755 λύπην
1623 684 1856 754 φεύγετε

192 760 263 827 ῶς
292 762 496 828 κακόν;
535 764 854 819 Συνεδόκει.
935 762 1099 818 Τοῦτ’
1136 763 1243 832 ἄρα
1260 762 1479 835 ἡγεῖσθ’
1502 763 1640 820 εἶναι
1661 766 1854 833 κακόν,

190 842 291 914 τὴν
313 843 514 914 λύπην,
537 847 627 900 καὶ
648 843 868 915 ἀγαθὸν
885 846 986 915 τὴν
1005 843 1234 916 ἡδονήν,
1256 847 1371 901 ἐπεὶ
1392 849 1482 901 καὶ
1501 844 1635 902 αὐτὸ
1656 845 1715 902 τὸ
1732 853 1850 917 χαί-

191 947 307 996 ρειν
325 925 446 980 τότε
467 929 648 995 λέγετε
665 925 839 982 κακὸν
854 925 1019 995 εἶναι,
1040 926 1172 982 ὅταν
1191 927 1458 998 μειζόνων
1475 924 1695 999 ἡδονῶν
1714 927 1850 982 ἀπο-

191 1014 356 1079 στερῇ
382 1004 418 1076 ἢ
448 1005 583 1072 ὅσας
612 1007 746 1063 αὐτὸ
777 1012 910 1078 ἔχει,
947 1005 984 1079 ἠ
1019 1009 1196 1073 λύπας
1228 1013 1442 1079 μείζους
1470 1008 1858 1081 παρασκευάζῃ

123 1104 157 1144 D
189 1096 303 1144 τῶν
318 1092 379 1144 έν
399 1088 549 1162 αυτῷ
565 1088 809 1161 ἡδονῶν·
843 1091 958 1145 ἐπεὶ
979 1095 1028 1145 εἰ
1044 1088 1163 1144 κατ’
1189 1089 1323 1145 ἄλλο
1342 1112 1393 1144 τι
1412 1087 1545 1144 αὐτὸ
1565 1087 1625 1144 τὸ
1645 1095 1866 1159 χαίρειν·

189 1169 367 1226 κακὸν
385 1178 595 1226 καλεῖτε
613 1173 702 1226 καὶ
724 1177 798 1235 εἰς
818 1171 950 1226 ἄλλο
969 1193 1020 1225 τι
1037 1172 1189 1235 τέλος
1219 1169 1624 1241 ἀποβλέψαντες
1637 1212 1651 1239 ,
1686 1173 1856 1239 ἔχοιτε

190 1248 262 1306 ἂν
280 1253 370 1306 καὶ
387 1249 518 1322 ἡμῖν
537 1257 731 1307 εἰπεῖν·
764 1251 885 1307 ἀλλ’
909 1250 1009 1322 οὐχ
1027 1253 1185 1317 ἕξετε.
1263 1250 1404 1307 Οὐδ’
1435 1254 1554 1323 ἐμοὶ
1574 1256 1856 1320 δοκοῦσιν,

191 1338 296 1404 ἔφη
335 1331 362 1388 ὁ
399 1334 787 1405 Πρωταγόρας.
849 1334 1012 1389 ’Άλλο
1039 1356 1091 1387 τι
1120 1328 1224 1388 οὖν
1244 1333 1410 1388 πάλιν
1427 1335 1518 1388 καὶ
1538 1334 1661 1404 περὶ
1681 1330 1856 1387 αὐτοῦ

191 1422 293 1469 τοῦ
321 1423 616 1472 λυπεῖσθαι
638 1415 666 1471 ὁ
698 1414 864 1480 αὐτὸς
894 1415 1116 1484 τρόπος;
1146 1415 1267 1470 τότε
1286 1421 1496 1470 καλεῖτε
1518 1412 1653 1468 αὐτὸ
1674 1411 1733 1467 τὸ
1755 1420 1856 1468 λυ-

194 1505 417 1552 πεῖσθαι
428 1498 664 1568 ἀγαθόν,
687 1496 820 1553 ὅταν
839 1494 875 1568 ἦ
887 1502 1099 1567 μείζους
1111 1497 1288 1561 λύπας
1307 1503 1419 1550 τῶν
1432 1499 1489 1551 έν
1505 1494 1655 1568 αὐτῷ
1667 1491 1857 1549 οὐσῶν

194 1576 505 1652 ἀπαλλάττῃ
532 1577 569 1651 ἦ
600 1584 812 1650 μείζους
840 1577 1045 1649 ἡδονάς
1072 1584 1185 1632 τῶν
1219 1584 1414 1632 λυπῶν
1443 1576 1855 1647 παρασκευάζῃ;

194 1662 305 1716 ἐπεὶ
329 1666 379 1716 εἰ
404 1660 542 1730 πρὸς
560 1661 693 1717 ἄλλο
714 1684 764 1716 τι
783 1662 936 1725 τέλος
953 1658 1286 1731 ἀποβλέπετε
1301 1702 1315 1727 ,
1349 1657 1483 1714 ὅταν
1502 1664 1697 1728 καλῆτε
1719 1655 1853 1712 αὐτὸ

136 1753 168 1792 Ε
199 1739 259 1796 τὸ
301 1749 598 1797 λυπεῖσθαι
632 1741 876 1811 ἀγαθόν,
920 1738 957 1811 ἦ
985 1740 1121 1811 πρὸς
1149 1738 1179 1795 ὃ
1206 1740 1311 1810 ε’γῶ
1344 1742 1509 1810 λέγω,
1549 1744 1692 1810 ἔχετε
1727 1737 1857 1808 ἡμῖν

193 1825 365 1876 εἰπεῖν
380 1842 390 1852 ·
412 1820 534 1877 ἀλλ’
556 1820 655 1891 οὐχ
672 1824 829 1887 ἕξετε.
884 1821 1086 1892 Ἀληθῆ
1100 1863 1114 1890 ,
1132 1826 1235 1891 ἔφη
1249 1863 1263 1889 ,
1285 1824 1482 1891 λέγεις,
1504 1819 1531 1874 6
1553 1820 1857 1891 Πρωταγό-

194 1924 306 1973 ρας.
341 1904 524 1959 Πάλιν
543 1913 751 1977 τοίνυν,
773 1910 914 1977 ἑφην
932 1906 1056 1976 ἐγῶ,
1080 1913 1212 1975 εἰ’με
1233 1902 1543 1973 ἀνέροισθε,
1567 1898 1612 1958 ῶ
1629 1904 1856 1974 ἄνθρω-

193 2005 303 2052 ποι,
323 1991 470 2050 τίνος
490 1979 595 2042 οὖν
616 1987 816 2059 δήποτε
838 1989 997 2042 ἕνεκα
1017 1985 1191 2042 πολλὰ
1208 1988 1330 2055 περὶ
1349 1985 1550 2041 τούτου
1571 1988 1744 2056 λέγεις
1762 1989 1855 2042 καὶ

191 2072 465 2138 πολλαχῇς
500 2069 941 2140 συγγιγνώσκετέ
965 2091 1082 2140 μοι,
1123 2073 1293 2138 φαίην
1322 2064 1394 2123 ἂν
1412 2071 1594 2137 ἔγωγε.
1636 2075 1859 2138 πρῶτον

194 2146 296 2218 μὲν
312 2147 417 2217 γὰρ
440 2147 508 2203 οὐ
535 2150 729 2221 ῥᾴδιον
749 2149 1052 2220 ἀποδεῖξαι,
1085 2154 1141 2204 τί
1155 2151 1271 2204 ε’στί
1285 2170 1415 2203 ποτε
1433 2157 1624 2220 τοῦτο,
1657 2146 1688 2205 ὂ
1705 2147 1860 2220 ὑμεῖς

194 2236 406 2284 καλεῖτε
423 2237 535 2285 τῶν
552 2229 773 2301 ἡδονῶν
792 2232 934 2302 ἥττω
952 2230 1114 2286 εἶναι·
1154 2236 1334 2286 ἔπειτα
1357 2233 1416 2285 ἐν
1435 2230 1609 2303 τούτῳ
1630 2232 1731 2286 εἰσὶ
1750 2237 1862 2284 ποῖ-

196 2328 286 2366 σαι
304 2315 364 2366 αἱ
381 2310 694 2378 ἀποδείξεις.
732 2311 852 2368 ἀλλ’
876 2319 952 2368 ἔτι
971 2315 1060 2367 καὶ
1079 2319 1185 2367 νῦν
1205 2310 1520 2367 ἀναθέσθαι
1539 2315 1769 2381 ἔξεστιν,
1809 2317 1863 2365 εἴ

82 2403 166 2447 355
196 2411 272 2463 πῃ
301 2396 444 2462 ἔχετε
475 2392 608 2449 ἄλλο
638 2417 690 2449 τι
718 2395 894 2465 φάναι
924 2394 1061 2449 εἶναι
1089 2392 1149 2448 τὸ
1181 2392 1400 2463 ἀγαθὸν
1427 2416 1461 2463 η
1492 2391 1593 2462 τὴν
1626 2390 1856 2462 ἡδονήν,

195 2495 229 2543 η
261 2474 321 2527 τὸ
351 2472 526 2529 κακὸν
555 2474 688 2531 ἄλλο
717 2499 766 2531 τι
796 2499 830 2547 η
859 2474 961 2546 τὴν
997 2473 1189 2545 ἀνίαν,
1227 2470 1261 2544 ἢ
1284 2472 1444 2543 ἀρκεῖ
1455 2472 1587 2543 ὑμῖν
1605 2472 1665 2528 τὸ
1684 2471 1859 2543 ἡδέως

197 2560 533 2619 καταβιῶναι
567 2555 666 2611 τὸν
703 2563 829 2626 βιον
865 2557 1002 2611 ἄνευ
1038 2561 1257 2618 λυπῶν;
1291 2560 1342 2609 εί
1377 2555 1435 2610 δε
1470 2552 1632 2623 ἀρκεῖ
1657 2554 1747 2608 καὶ
1784 2551 1858 2623 μὴ

198 2639 340 2706 ἔχετε
367 2638 539 2707 μηδὲν
567 2637 700 2692 ἄλλο
731 2638 906 2707 φάναι
939 2637 1077 2693 εἶναι
1105 2635 1326 2707 ἀγαθὸν
1355 2631 1391 2705 ἦ
1409 2633 1609 2704 κακόν,
1640 2631 1671 2688 ὃ
1690 2631 1762 2703 μὴ
1785 2638 1860 2697 εἰς

198 2723 370 2772 ταῦτα
396 2724 647 2791 τελευτᾷ,
690 2716 750 2772 vd
782 2717 915 2788 μετὰ
945 2726 1106 2773 τοῦτο
1136 2716 1377 2772 ἀκούετε.
1416 2718 1556 2787 φημὶ
1585 2713 1692 2787 γὰρ
1730 2713 1861 2786 ὑμῖν
1926 2763 1927 2766 ,

195 2801 399 2855 τούτου
420 2799 596 2864 οὕτως
616 2804 835 2870 ἔχοντος
852 2808 1070 2871 γελοῖον
1087 2799 1188 2855 τὸν
1210 2800 1380 2869 λόγον
1398 2804 1704 2869 γίγνεσθαι,
1729 2798 1862 2852 ὅταν
