2020 3094
866 0 1084 35 2=*⁷'⁴<⁴'Y·T'
1164 0 1196 12 ¹..
1330 0 1358 5 ,,
1380 0 1419 18 ΓΙ,
1443 0 1446 1 ⁷

853 182 906 228 Λ
921 179 1127 227 ΥΣΙΣ.
1778 174 1848 227 Sl

170 321 340 386 φίλον
357 320 602 385 γίγνεται
620 320 723 369 τοῦ
744 311 968 384 ἀγαθοῦ
999 308 1090 367 διὰ
1118 317 1299 367 κακοῦ
1326 316 1655 382 παρουσίαν.
1693 309 1852 367 ’Ἐοι-

170 418 283 452 κεν.
321 402 515 467 Δῆλον
543 398 608 452 δέ
620 416 683 466 γε
713 393 798 450 ὅτι
822 394 955 462 πρὶν
978 393 1244 462 γενέσθαι
1259 391 1395 450 αὐτὸ
1416 392 1596 450 κακὰν
1613 390 1724 449 ὑπὸ
1745 397 1847 447 τοῦ

167 483 347 533 κακοῦ
365 470 434 532 οὗ
451 481 572 548 ἔχει.
604 476 674 532 οὐ
693 476 800 548 γὰρ
816 476 885 547 δή
898 497 962 546 γε
981 475 1156 530 κακὸν
1171 473 1401 547 γεγονὸς
1412 480 1489 532 ἔτι
1506 472 1579 532 ἂν
1593 481 1696 532 τοῦ
1707 472 1847 544 ἄγα-

167 566 282 615 θοῦ
303 563 573 630 ἐπιθυμοῖ
596 561 688 615 καὶ
718 563 886 629 φίλον
913 564 1022 627 εἰη·
1062 554 1346 613 ἀδύνατον
1365 554 1472 629 γὰρ
1501 563 1714 629 ἔφαμεν
1743 578 1848 612 κα-
1877 567 1913 611 G

168 641 274 698 κὸν
295 639 494 715 ἀγαθῷ
517 648 686 711 φίλον
709 639 864 697 εἶναι.
915 637 1219 695 Ἀδύνατον
1236 639 1359 709 γάρ.
1408 642 1707 706 Σκέψασθε
1727 633 1834 709 δὴ
1817 635 1847 694 ὁ

169 727 326 794 λέγω.
381 725 522 793 λέγω
541 721 648 792 γὰρ
668 721 753 778 ὅτι
779 725 899 777 ἔνια
921 724 1051 791 με’ν,
1091 715 1213 777 οἷον
1242 743 1315 775 αν
1341 714 1380 792 ᾗ
1401 719 1461 776 vd
1485 722 1693 793 παρόν,
1731 742 1848 776 τοι-

168 805 310 860 αῦτά
331 806 443 861 ἐστι
461 806 552 860 καὶ
570 802 742 875 αὐτά,
773 808 892 860 ἔνια
914 805 974 859 δὲ
993 801 1078 859 οὔ.
1126 801 1310 874 ω’σπερ
1336 809 1386 860 εἰ
1398 807 1583 860 ἐθέλοι
1601 826 1683 869 τις
1701 803 1846 874 χρώ-

170 893 304 958 ματί
324 909 400 943 τω
430 885 620 943 ὁτιοῦν
649 885 895 956 ἀλεῖψαι,
935 885 1170 954 πάρεστί
1194 906 1305 941 που
1333 893 1411 960 τῷ
1440 885 1764 957 ἀλειφθέντι
1783 883 1844 940 τὸ

170 972 524 1038 ἐπαλειφθέν.
578 967 749 1023 Πάνυ
770 989 849 1038 γε.
899 961 1009 1035 'Ap'
1031 960 1138 1022 οὖν
1168 970 1259 1024 καὶ
1295 971 1408 1023 ἔστι
1441 967 1563 1024 τότε
1594 973 1850 1024 τοιοῦτον

169 1050 272 1121 τὴν
288 1050 463 1121 χρόαν
478 1049 539 1105 τὸ
569 1048 867 1119 ἅλειφθέν,
905 1043 1028 1105 οἷον
1052 1048 1115 1104 τὸ
1145 1049 1308 1115 ἐπόν;
1357 1049 1445 1106 Οὐ
1474 1051 1778 1122 μανθάνω,
1813 1042 1850 1120 ἦ

169 1131 224 1189 ὸ’
246 1130 324 1198 ὅς.
356 1130 495 1188 Ἀλλ’
521 1125 627 1188 ὦδε
643 1175 656 1201 ,
677 1126 752 1203 ἦν
770 1130 825 1188 δ’
846 1132 970 1203 ἐγώ.
1015 1139 1070 1187 εἴ
1081 1136 1161 1197 τίς
1175 1147 1280 1187 σου
1300 1131 1510 1198 ξανθὰς
1546 1132 1716 1197 οὔσας
1754 1131 1850 1197 τὰς
1880 1147 1915 1188 D

170 1220 354 1286 τρίχας
372 1221 623 1289 ψιμυθίῳ
647 1214 902 1286 ἆλείψειε,
923 1214 1162 1282 πότερον
1181 1214 1303 1270 τότε
1322 1216 1513 1271 λευκαὶ
1534 1213 1645 1271 εἶεν
1661 1211 1699 1286 ἢ
1719 1219 1852 1285 φαί-

172 1295 337 1353 νοιντ’
375 1297 476 1364 ἅν;
526 1297 804 1355 Φαίνοιντ’
835 1297 933 1367 ἄν,
975 1292 1011 1368 ἦ
1046 1294 1097 1351 δ’
1133 1294 1210 1361 ὅς.
1283 1298 1393 1353 Καὶ
1427 1296 1538 1369 μὴν
1573 1303 1769 1368 παρείη
1805 1293 1852 1367 γ’

170 1376 244 1434 ἂν
272 1377 463 1446 αὐταῖς
494 1381 775 1453 λευκότης.
831 1386 962 1437 Ναί.
1013 1377 1149 1435 Ἀλλ’
1180 1402 1329 1450 ομως
1364 1378 1533 1435 οὐδέν
1560 1403 1612 1436 τι
1639 1386 1854 1451 μᾶλλον

170 1485 245 1517 αν
270 1461 382 1519 εἷεν
416 1468 614 1519 λευκαί
633 1483 748 1532 πω,
786 1461 926 1519 ἀλλὰ
955 1461 1239 1535 παρούσης
1267 1464 1597 1535 λευκότητος
1633 1459 1763 1519 οὔτε
1801 1483 1854 1517 τι

171 1546 363 1601 λευκαὶ
379 1544 507 1601 οὕτε
525 1547 782 1616 μέλαιναί
796 1550 950 1601 εἰσιν.
982 1544 1202 1616 Ἀληθῆ.
1234 1542 1417 1602 ἈλλΜ
1386 1568 1522 1602 οταν
1541 1544 1627 1617 δή,
1646 1567 1686 1600 ω
1670 1538 1852 1616 ςφίλε,

174 1628 237 1683 τό
257 1635 431 1699 γῆρας
450 1626 641 1693 αὐταῖς
659 1625 864 1682 ταύτὸν
882 1634 1046 1682 τοῦτο
1066 1635 1258 1699 χρῶμα
1276 1628 1524 1700 ἐπαγάγῃ
1537 1670 1552 1699 ,
1590 1627 1714 1683 τότε
1734 1627 1854 1697 ἐγέ-

174 1732 338 1766 νοντο
357 1707 582 1780 οἷόνπερ
601 1709 662 1766 τό
684 1709 893 1780 παρόν,
931 1716 1136 1766 λευκοῦ
1165 1716 1442 1784 παρουσίᾳ
1462 1715 1669 1766 λευκαί.
1723 1714 1856 1775 Πῶς
1884 1731 1919 1774 E

175 1794 282 1861 γὰρ
302 1791 400 1859 οὕ;
456 1799 636 1849 Τοῦτο
657 1798 853 1849 τοίνυν
882 1794 1068 1863 ἐρωτῶ
1099 1800 1208 1849 νῦν
1237 1794 1334 1864 δή,
1371 1798 1421 1849 εἰ
1438 1785 1485 1867 ᾦ
1502 1790 1575 1849 ἄν
1602 1815 1653 1848 τι
1682 1798 1850 1865 παρῇ,

172 1881 430 1931 τοιοῦτον
448 1879 597 1931 ἔσται
615 1873 676 1930 τὸ
698 1877 826 1946 ἔχον
844 1869 964 1930 οἷον
981 1874 1041 1932 τὸ
1063 1875 1270 1946 παρόν·
1308 1872 1345 1946 ἦ
1365 1874 1463 1932 ἐὰν
1480 1876 1582 1947 μὲν
1612 1875 1750 1931 κατά
1772 1898 1854 1930 τι-

176 1978 247 2012 να
263 1957 475 2025 τρόπον
496 1963 662 2029 παρῇ,
686 1961 853 2027 ἔσται,
870 1954 971 2014 ἐὰν
989 1959 1049 2014 δὲ
1065 1958 1157 2030 μή,
1180 1957 1250 2014 οὔ
1261 1983 1278 2026 3
1303 1957 1466 2014 Οὕτω
1485 1964 1714 2030 μᾶλλον,
1729 1962 1852 2029 ἔφη.

178 2041 285 2095 Καὶ
302 2037 363 2095 τὸ
384 2038 518 2110 μήτε
539 2038 716 2095 κακὸν
738 2038 844 2110 ἄρα
862 2039 982 2112 μήτ’
1005 2038 1230 2111 ἀγαθὸν
1248 2043 1420 2096 ἐνίοτε
1441 2047 1621 2097 κακοῦ
1639 2041 1855 2110 παρόν-

176 2144 268 2188 τος
285 2121 441 2178 οῧπω
461 2122 638 2179 κακόν
658 2125 836 2195 ἐστιν,
873 2127 986 2179 ἔστι
1015 2124 1066 2180 δ’
1090 2123 1180 2180 ὅτε
1203 2122 1305 2197 ἤδη
1326 2122 1387 2179 τὸ
1418 2129 1674 2179 τοιοῦτον
1693 2127 1856 2195 γέγο-

177 2227 290 2262 νεν.
324 2205 491 2261 Πάνυ
507 2228 584 2277 γε.
628 2205 857 2262 Οὐκοῦν
875 2205 1011 2261 ὅταν
1027 2206 1189 2278 μήπω
1206 2200 1428 2279 κακὸνῇ
1450 2211 1626 2262 κακοῦ
1640 2206 1856 2276 παρόν-

178 2310 296 2357 τος,
329 2286 468 2359 αὕτη
487 2286 641 2360 μὲνὴ
672 2294 949 2357 παρουσία
969 2286 1193 2359 ἀγαθοῦ
1214 2287 1350 2345 αὐτὰ
1372 2301 1521 2344 ποιεῖ
1534 2291 1831 2361 ἐπιθυμεῖν
1844 2309 1856 2322 ·

177 2370 211 2443 ἦ
235 2372 294 2429 δὲ
313 2370 489 2428 κακὸν
508 2378 747 2427 ποιοῦσα
770 2370 1063 2442 ἀποστερεῖ
1074 2370 1210 2427 αὐτὸ
1242 2379 1336 2445 τῆς
1354 2394 1411 2427 τε
1432 2375 1726 2444 ἐπιθυμίας
1746 2371 1860 2445 ἅμα

178 2455 383 2526 καὶτῆς
405 2461 590 2524 φιλίας
608 2459 708 2509 τοῦ
729 2452 970 2525 ἀγαθοῦ.
1027 2453 1097 2510 οὐ
1116 2453 1223 2525 γὰρ
1253 2459 1331 2511 ἔτι
1361 2455 1510 2511 ἐστὶν
1530 2454 1659 2511 οὔτε
1678 2453 1857 2512 κακὸν

179 2536 307 2594 οὔτε
339 2536 587 2608 ἀγαθόν,
628 2536 764 2594 ἀλλὰ
795 2538 997 2593 κακόν·
1035 2542 1203 2608 φίλον
1238 2537 1296 2593 δὲ
1325 2535 1550 2610 ἀγαθὸν
1581 2544 1733 2610 κακῷ
1753 2535 1858 2595 οὐκ
1884 2555 1974 2600 218

179 2615 264 2691 ἦν.
315 2617 403 2677 Οὐ
428 2619 536 2692 γὰρ
571 2614 691 2676 οὖν.
750 2618 861 2677 Διά
880 2626 1052 2676 ταῦτα
1084 2618 1150 2692 δὴ
1173 2632 1376 2692 φαῖμεν
1395 2619 1466 2676 ἄν
1493 2623 1583 2677 καὶ
1602 2621 1732 2687 τοὺς
1749 2620 1856 2693 ἤδη

181 2701 394 2774 σοφοὺς
412 2708 601 2775 μηκέτι
619 2709 948 2775 φιλοσοφεῖν
961 2745 975 2773 ,
1008 2711 1113 2760 εἴτε
1133 2706 1260 2760 θεοὶ
1280 2711 1386 2760 εἴτε
1406 2703 1703 2803 ἄνθρωποί
1719 2709 1858 2760 εἰσιν

182 2810 209 2837 ‹›
222 2779 363 2841 ὗτοι·
408 2782 530 2841 οὐδ’
553 2779 627 2840 αὖ
648 2788 892 2852 ἐκείνους
922 2793 1272 2884 φιλοσοφεῖν
1279 2785 1411 2851 τούς
1429 2785 1606 2851 οὕτως
1623 2808 1858 2858 αγνοιαν

185 2890 405 2938 εχοντας
425 2867 565 2923 ωστε
587 2867 793 2933 κακοὺς
812 2867 978 2924 εἶναι·
1014 2869 1190 2925 κακὸν
1207 2866 1314 2940 γὰρ
1335 2871 1422 2926 καὶ
1444 2867 1635 2940 ἀμαθῆ
1655 2867 1858 2925 ουδὲνα

324 2947 355 2990 1*
362 2962 371 2989 1
391 2962 459 2988 ,(«τ
462 2964 474 2986 v
506 2948 576 2990 ΠΙ,
