1962 3112
214 146 321 198 340
833 148 883 193 Π
893 148 944 193 Λ
952 147 1001 197 Α
1018 145 1119 193 ΤΩ
1132 146 1187 194 Ν
1199 145 1243 193 Ο
1255 148 1306 193 Σ
1809 150 1894 196 142

364 287 542 336 MEN.
601 285 874 335 Φαίνεται.

361 368 485 419 ΣΩ.
524 363 634 417 Καὶ
652 368 760 416 νῦν
779 364 880 431 μέν
901 381 964 431 γε
995 356 1148 433 αὐτῷ
1168 358 1352 431 ὥσπερ
1374 358 1513 431 ὅναρ
1544 359 1670 431 ἄρτι
1690 357 1890 415 άνακε-

218 452 467 516 κίνηνται
488 447 548 500 αἰ
564 443 719 509 δόξαι
738 436 902 497 αὗται
916 465 927 475 ·
963 447 1013 498 εἰ
1030 442 1088 498 δὲ
1112 441 1287 498 αὐτόν
1308 464 1389 508 τις
1409 441 1736 513 ἀνερήσεται
1753 449 1892 497 πολ.-

219 527 374 591 λάκις
411 526 476 580 τὰ
515 523 656 580 αὐτὰ
693 531 867 580 ταῦτα
903 527 994 580 καὶ
1031 532 1302 599 πολλαχῇ,
1344 523 1485 581 οἶσθ’
1507 521 1590 580 ὅτι
1619 529 1892 579 τελευτῶν

148 621 181 661 D
218 607 451 674 οὐδενὸς
467 601 635 679 ἧττον
655 605 896 679 ἀκριβῶς
916 609 1262 680 ἐπιστήσεται
1281 609 1405 679 περὶ
1423 606 1655 663 τούτων.

357 697 543 747 ΜΕΝ.
586 689 818 746 ’Ἑοικεν

359 779 482 830 ΣΩ.
525 771 756 829 Οὐκοῦν
785 771 1016 838 οὐδενὸς
1046 773 1366 839 διδάξαντος
1386 770 1501 828 ἄλλ’
1520 770 1892 843 ἐρωτήσαντος

216 859 589 929 ἐπιστήσεται,
617 854 915 927 ἀναλαβών
935 853 1102 922 αὐτὸς
1118 859 1172 923 ἐξ
1194 854 1370 912 αὑτοῦ
1389 853 1492 926 τὴν
1511 855 1838 925 ἐπιστήμην;

358 946 545 996 ΜΕΝ.
582 944 712 994 Ναί.

356 1027 482 1077 ΣΩ.
528 1019 601 1075 Τὸ
625 1022 683 1076 δὲ
705 1020 1115 1094 ἀναλαμβάνειν
1137 1019 1310 1077 αὐτὸν
1339 1025 1401 1077 ἐν
1419 1017 1573 1094 αὐτῷ
1592 1019 1891 1091 ἐπιστήμην

218 1103 321 1160 οὐκ
350 1102 875 1175 άναμιμνήσκεσθαί
889 1107 1064 1172 ἐστιν;

360 1193 546 1244 ΜΕΝ.
581 1188 747 1242 Πάνυ
767 1210 842 1257 γε.

336 1331 338 1333 ,
358 1275 483 1326 ΣΩ.
536 1264 644 1339 Ἆρ’
666 1264 772 1324 οὖν
797 1267 865 1324 οὐ
885 1268 988 1340 τὴν
1008 1269 1339 1341 ἐπιστήμην,
1371 1266 1443 1339 ἣν
1460 1274 1567 1324 νῦν
1589 1261 1750 1334 οὗτος
1769 1273 1893 1340 ἔχει,

217 1353 339 1427 ἤτοι
359 1355 522 1425 ἔλαβέ
538 1374 669 1409 ποτε
687 1349 724 1424 ἦ
745 1351 827 1407 ἀεὶ
849 1351 1015 1423 εἷχεν;

359 1442 543 1492 ὦῙἉΕΝ.
581 1442 709 1491 Ναί.

359 1523 483 1573 ΣΩ.
526 1516 754 1572 Οὐκοῦν
772 1521 821 1572 εἰ
838 1518 939 1586 μὲν
959 1514 1042 1572 ἀεὶ
1062 1516 1228 1587 εἶχεν,
1253 1515 1336 1571 άεὶ
1353 1516 1442 1570 καὶ
1461 1509 1533 1586 ἦν
1553 1516 1880 1587 ἐπιστήμων*

225 1598 350 1655 εἰδὲ
380 1601 541 1669 ἔλαβέ
560 1618 717 1667 ποτε,
748 1595 852 1652 οὐκ
883 1594 955 1651 ἄν
986 1602 1047 1653 ἔν
1075 1619 1137 1668 γε
1166 1604 1245 1672 τῷ
1272 1604 1381 1652 νῦν
1405 1603 1508 1671 βίῳ
1539 1597 1777 1668 εἰληφώς
1795 1606 1890 1669 εἴη.

157 1690 191 1730 E
223 1678 259 1750 ἢ
289 1683 538 1750 δεδίδαχέ
576 1702 656 1744 τις
690 1685 890 1734 τοῦτον
927 1692 1282 1749 γεωμετρεῖνς
1335 1672 1499 1743 οὗτος
1533 1677 1640 1749 γάρ
1681 1679 1893 1750 ποιήσει

222 1766 344 1831 περὶ
364 1762 541 1832 πάσης
559 1766 888 1831 γεωμετρίας
904 1759 1074 1815 ταύτά
1095 1768 1294 1832 ταῦτα,
1328 1763 1418 1817 καὶ
1447 1767 1559 1816 τῶν
1588 1760 1772 1816 ἄλλων
1789 1784 1887 1832 μα-

222 1842 493 1914 θημάτων
511 1841 786 1897 ἁπάντων.
840 1847 986 1897 ἔστιν
1008 1838 1112 1898 οὖν
1143 1842 1291 1907 ὅστις
1320 1849 1521 1899 τοῦτον
1550 1842 1728 1898 πάντα
1749 1848 1886 1898 δεδί-

225 1929 379 1994 δαχε;
415 1928 622 1988 δίκαιος
650 1924 757 1994 γάρ
789 1944 898 1978 που
930 1923 978 1979 εἷ
999 1926 1227 1995 εἰδέναι,
1268 1923 1446 1989 ἄλλως
1468 1946 1526 1979 τε
1546 1923 1730 1995 ἐπειδὴ
1751 1927 1812 1980 ἐν
1831 1947 1892 1997 τῃ

222 2012 295 2075 σῇ
315 2011 459 2078 οἰκίᾳ
481 2010 672 2077 γέγονε
693 2008 781 2061 καὶ
801 2009 1116 2075 τέθραπται.

364 2093 550 2143 ΜΕΝ.
602 2086 737 2144 Ἀλλ’
762 2087 881 2143 οἶδα
902 2093 1072 2160 ἔγωγε
1091 2087 1176 2144 ὅτι
1194 2087 1374 2153 οὐδεὶς
1393 2088 1611 2144 πώποτε
1633 2091 1878 2162 ἐδίδαξεν
1920 2107 1922 2109 ’

360 2175 485 2224 ΣΩ.
523 2169 666 2240 ’Ἑχει
687 2170 744 2225 δὲ
764 2170 964 2235 ταύτας
982 2169 1079 2236 τάς
1098 2171 1285 2241 δόξας,
1312 2166 1349 2241 ἦ
1368 2168 1493 2240 οὐχί
1501 2194 1515 2236 ;

360 2257 546 2306 MEN.
597 2250 857 2323 Ἀνάγκη,
883 2246 925 2306 ὦ
946 2253 1265 2323 Σώκρατες,
1295 2257 1562 2322 φαίνεται.

361 2338 493 2388 XXI.
572 2339 696 2388 ΣΩ.
737 2338 809 2388 Εἰ
828 2336 886 2387 δὲ
917 2331 990 2403 μὴ
1015 2335 1075 2388 ἐν
1092 2339 1167 2407 τῷ
1188 2339 1296 2388 νῦν
1313 2337 1416 2408 βίῳ
1438 2332 1644 2404 λαβών,
1666 2332 1770 2388 οὐκ
1790 2330 1894 2404 ἤδη

132 2429 191 2474 86
219 2419 382 2470 τοῦτο
407 2419 596 2485 δῆλον,
618 2413 702 2468 ὅτι
720 2417 780 2469 ἐν
797 2413 945 2486 ἄλλῳ
966 2415 1071 2469 τινὶ
1089 2415 1272 2489 χρόνῳ
1293 2413 1400 2486 εἶχε
1421 2416 1512 2470 καὶ
1534 2413 1894 2485 ἐμεμαθήκει;

363 2501 549 2552 ΜΕΝ.
587 2500 861 2551 Φαίνεται.

360 2584 484 2633 Σῼ.
529 2576 759 2633 Οὐκοῦν
779 2571 942 2643 οὗτός
960 2579 1027 2649 γε’
1044 2580 1191 2633 ἐστιν
1211 2577 1239 2632 ὁ
1260 2578 1474 2649 χρόνος,
1489 2575 1562 2632 ὅτ’
1579 2575 1681 2632 οὐκ
1701 2571 1774 2648 ἧν
1794 2575 1895 2631 ‹iiv-
1960 2618 1962 2620 -

222 2665 482 2728 θρωπος;

364 2747 551 2796 ΜΕΝ.
598 2746 727 2797 Ναί.

363 2829 486 2878 ΣΩ.
538 2827 609 2878 Εἰ
638 2816 742 2880 οὖν
771 2820 837 2878 ὃν
856 2817 981 2897 άνῇ
1010 2823 1214 2895 χρόνον
1232 2824 1323 2878 καὶ
1341 2819 1409 2876 ὃν
1430 2817 1501 2876 ἂν
1519 2818 1593 2892 μὴ
1613 2814 1649 2894 ᾗ
1668 2820 1887 2891 ἄνθρω-
