1962 3112
217 86 320 141 396
833 92 1311 141 ΠΛΑΤΩΝΟΣ
1832 103 1890 147 34

359 232 482 282 Σόὶ.
527 223 646 282 Οὐκ
669 225 778 294 ἄρα
797 223 975 298 τούτῳ
995 245 1055 294 γε
1078 224 1340 294 ἑκάτερον
1361 223 1548 283 αὐτῶν
1560 231 1671 284 ἐστὶ
1691 229 1882 299 καλόν,

216 302 246 360 ὃ
278 306 353 377 μὴ
391 308 576 363 ἕπεται
606 307 870 378 ἑκατέρω·
927 327 989 360 το
1026 303 1133 375 γὰρ
1173 304 1491 376 ἀμφότερον
1520 309 1754 384 ἑκατέρῳ
1788 310 1889 383 οὐχ

214 388 423 442 ἕπεται·
483 387 623 443 ὥστε
652 386 941 459 ἀμφότερα
970 389 1071 457 μὲν
1101 384 1239 441 αὐτοὶ
1272 387 1448 457 φάναι
1467 389 1606 445 καλὰ
1626 391 1761 447 κατά
1785 393 1888 463 τὴν

214 465 495 524 ὑπόθεσιν
514 472 749 539 ἔξεστιν,
782 469 1044 537 ἑκάτερον
1064 471 1122 524 δὲ
1153 467 1256 524 οὐκ
1279 471 1510 535 ἔξεστιν·
1545 468 1582 542 ἦ
1599 480 1714 539 πῶς
1733 479 1889 544 λέγο-

214 571 341 620 μεν;
376 550 480 606 οὐκ
504 550 746 621 ἀνάγκης

99 633 186 679 303
358 638 459 688 ΙΠ.
501 639 775 688 Φαίνεται.

355 722 583 774 XXVIII.
641 723 764 772 ΣΩ.
808 723 1009 787 Φοῖμεν
1023 710 1129 771 οὖν
1145 714 1431 788 ἀμφότερα
1451 719 1553 787 μὲν
1573 718 1712 773 καλὰ
1734 718 1887 790 εἶναι,

216 802 478 870 ἑκάτερον
498 802 648 873 δὲμὴ
674 809 894 873 φῶμεν;

356 888 456 939 ΙΠ.
503 890 569 939 Τί
585 882 690 954 γάρ
712 883 939 949 κωλύει;

358 972 482 1022 Σῼ.
535 966 675 1022 Τόδε
706 972 890 1037 ἔμοιγε
921 969 1098 1035 δοκεῖ,
1139 958 1183 1019 ὦ
1210 969 1362 1035 φίλε,
1402 965 1669 1034 κωλύειν,
1718 963 1802 1020 ὅτι
1821 959 1891 1036 ἦν

219 1069 328 1105 που
347 1048 481 1121 ἡμῖν
499 1047 566 1104 τά
588 1072 691 1120 μεν
710 1047 888 1113 οὕτως
911 1047 1300 1118 ἐπιγιγνόμενα
1322 1046 1575 1110 ἑκάστοις
1577 1053 1765 1117 ,εἰπερ
1787 1045 1894 1117 ἀμ-

219 1137 473 1205 φοτέροις
506 1136 866 1203 ἐπιγιγνοιτο,
905 1133 996 1187 καὶ
1026 1132 1293 1203 ἑκατέρῳ,
1331 1129 1422 1184 καὶ
1451 1136 1603 1197 εἰπερ
1635 1129 1890 1221 ἑκατέρω,

219 1213 361 1271 καὶ’
331 1217 690 1286 αμφοτέροις,
713 1212 933 1269 ἅπαντα
954 1213 1060 1269 ὅσα
1081 1212 1151 1268 σύ
1173 1216 1423 1284 διῆλθες·
1462 1213 1495 1280 ἡ
1517 1212 1651 1282 γάρ·
1638 1253 1652 1277 ,

358 1303 459 1353 ΙΠ
496 1302 624 1352 Ναί.

363 1384 486 1433 ΣΩ.
515 1376 579 1432 “A
596 1381 660 1433 ’δέ
674 1399 737 1447 γε
762 1372 836 1431 αὖ
857 1375 962 1448 ἐγω
987 1380 1250 1447 διῆλθον,
1272 1373 1367 1429 οὔ·
1407 1368 1488 1430 ‹52›
1511 1374 1576 1444 δὴ
1597 1367 1771 1445 ἦνκαὶ
1790 1374 1888 1430 αὕη

219 1460 280 1515 τὸ
301 1459 361 1515 τό
386 1460 648 1529 ἑκάτερον
667 1461 758 1514 καὶ
776 1458 838 1514 τό
858 1458 1192 1530 ἀμφότερον.
1227 1460 1374 1512 ἔστιν
1396 1455 1597 1522 οὕτως;

359 1548 460 1597 ΙΠ.
500 1541 702 1596 ’Έστιν

159 1638 190 1678 Β
362 1628 488 1678 Σῼ.
526 1626 789 1693 Ποτέρων
831 1616 961 1683 οὖν.Ι
1002 1615 1045 1675 ὦ
1078 1619 1280 1688 Ἱππία,
1333 1623 1487 1674 δοκεῖ
1517 1635 1603 1674 σοι
1639 1618 1700 1676 τὸ
1720 1620 1894 1677 καλὸν

221 1703 386 1770 εἶναι;
447 1704 684 1772 πότερον
728 1699 806 1759 ὦν
841 1708 913 1759 σὺ
953 1709 1157 1774 ἔλεγες·
1216 1709 1369 1771 εἴπερ
1408 1699 1513 1771 ἐγω
1548 1703 1770 1773 ἰσχυρὸς
1804 1707 1894 1759 καὶ

219 1786 320 1854 σύ,
359 1787 451 1840 καὶ
481 1784 814 1857 ἀμφότεροι,
854 1787 944 1840 καὶ
978 1793 1130 1855 εἱῖπερ
1165 1781 1272 1854 ἐγώ
1307 1786 1516 1847 δίκαιος
1546 1784 1636 1839 καὶ
1665 1783 1763 1855 σύ,
1803 1787 1894 1841 καὶ

220 1863 551 1937 ἀμφότεροι,
590 1869 680 1923 καὶ
712 1875 864 1936 εἴπερ
913 1866 1244 1936 ἀμφότεροι,
1281 1866 1370 1918 καὶ
1409 1864 1687 1935 ἑκάτερος·
1744 1865 1891 1920 οὕτω

223 1945 289 2018 δὴ
319 1950 409 2003 καὶ
440 1955 591 2018 εἴπερ
622 1949 728 2019 ε’γώ
759 1946 925 2012 καλὸς
955 1949 1044 2002 καὶ
1075 1946 1176 2016 σύ,
1198 1947 1309 2000 *καὶ
1330 1943 1663 2016 ἀμφότεροι,
1700 1948 1792 2002 καὶ
1813 1955 1893 2003 εί-

222 2050 325 2097 περ
346 2026 677 2101 ἀμφότεροι,
717 2032 805 2086 καὶ
831 2030 1116 2098 ἑκάτερος;
1169 2023 1207 2099 ἦ
1239 2025 1406 2083 οὐδὲν
1436 2027 1667 2097 κωλύει,
1707 2027 1892 2097 ὥσπερ

224 2109 428 2179 ἀρτίων
465 2110 646 2167 ὄντων
674 2135 844 2167 τινων
874 2110 1204 2183 ἀμφοτέρων
1233 2110 1367 2179 τάχα
1397 2132 1499 2180 μεν
1537 2109 1764 2180 ἑκάτερα
1794 2132 1895 2165 πε-

225 2192 376 2261 ριττά
413 2192 579 2262 εἶναι,
626 2195 764 2265 τάχα
804 2193 856 2249 δ’
883 2193 1070 2264 άρτια,
1109 2193 1200 2248 καὶ
1237 2193 1309 2246 αὐ
1340 2190 1597 2262 ἀρρήτων
1622 2192 1894 2262 ἑκατέρων

225 2273 407 2329 όντων
435 2275 571 2345 τάχα
608 2299 710 2348 μεν
746 2274 881 2347 ρητά
911 2274 977 2330 τὰ
1021 2273 1417 2344 συναμφότερα
1458 2271 1622 2342 εἶναι,
1663 2273 1797 2344 τάχα
1837 2271 1892 2328 δ’

163 2363 194 2405 C
226 2355 463 2427 α’ρρητα,
502 2360 594 2412 καὶ
630 2356 770 2413 άλλα
808 2363 978 2428 μυρία
1015 2362 1270 2425 τοιαῦτα,
1311 2353 1347 2410 ὁὶ
1385 2355 1449 2426 δὴ
1489 2357 1580 2409 καὶ
1613 2354 1717 2425 ε’γω
1750 2359 1894 2426 ἔφην

224 2441 344 2509 ἐμοὶ
373 2447 813 2540 προφαίνεσθαι;
853 2443 1103 2510 ποτέρων
1137 2437 1202 2510 δὴ
1225 2443 1383 2508 τίθης
1410 2436 1471 2492 τὸ
1495 2437 1694 2499 καλόν;
1732 2432 1766 2506 ἠ
1760 2434 1894 2501 ὡς-

224 2540 326 2588 περ
347 2525 464 2591 εμοι
482 2524 606 2591 περι
628 2521 802 2578 αὐτοῦ
833 2527 1255 2592 καταφαίνεται,
1295 2521 1386 2575 καὶ
1418 2525 1529 2586 σοί;
1583 2515 1755 2588 πολλὴ
1785 2519 1892 2588 γὰρ

226 2598 422 2670 ἀλογία
460 2607 643 2673 ἔμοιγε
679 2608 834 2659 δοκεῖ
868 2603 1008 2659 εἶναι
1045 2603 1394 2675 ἀμφοτέρους
1439 2601 1540 2672 μὲν
1575 2597 1718 2671 ἡμᾶς
1754 2599 1894 2655 εἶναι

225 2683 458 2755 καλούς,
499 2685 761 2756 ἑκάτερον
799 2686 857 2745 δὲ
889 2687 992 2758 μή,
1029 2682 1067 2757 ἢ
1097 2685 1357 2755 ἑκάτερον
1385 2687 1513 2754 μέν,
1546 2679 1896 2753 ἀμφοτέρους
