2020 3094
193 151 261 203 38
788 154 1266 204 ΠΛΑΤΩΝΟΣ

193 286 482 357 ἐχόμενον,
520 284 672 357 ἠφίει
699 284 760 341 τὸ
792 286 932 356 δόρυ
953 285 1042 341 διὰ
1070 293 1167 358 τῆς
1193 288 1398 360 χειρός,
1438 290 1540 355 ἕως
1568 288 1746 358 ἄκρου
1764 297 1864 345 τοῦ

84 384 168 430 184
197 368 471 438 στύρακος
487 366 831 441 ἀντελάβετο.
887 363 958 439 ἦν
990 368 1049 425 δὲ
1076 371 1247 439 γέλως
1274 371 1367 426 καὶ
1394 372 1593 438 κρότος
1612 370 1720 427 ὑπὸ
1753 378 1864 427 τῶν

197 454 257 506 ἐκ
277 457 374 522 τῆς
392 447 628 516 ὁλκάδος
647 452 742 506 ε’πί
753 473 812 506 τε
830 457 905 524 τῷ
927 451 1159 522 σχήματι
1188 449 1390 522 αὐτοῦ,
1426 455 1518 509 καὶ
1547 452 1732 525 ἐπειδὴ
1762 460 1867 525 βα-

194 533 391 599 λόντος
407 533 559 598 τινὸς
587 538 730 606 λίθῳ
751 533 901 602 παρὰ
920 531 1054 598 τοὺς
1083 534 1257 598 πόδας
1275 532 1452 590 αὐτοῦ
1469 537 1557 592 ἐπὶ
1589 534 1652 591 τὸ
1692 537 1865 592 κατά-

193 633 420 688 στρωμα
438 614 659 687 ἀφίεται
676 622 779 671 τοῦ
798 616 1047 687 δόρατος,
1071 614 1184 672 τότ’
1212 615 1318 687 ἤδη
1338 618 1429 673 καὶ
1448 621 1505 673 οἰ
1519 619 1580 674 ἐκ
1599 624 1696 688 τῆς
1712 618 1867 688 τριή-

195 721 330 768 ρους
360 697 544 755 οὐκέτι
574 696 684 755 οἷοί
708 696 751 754 τ’
770 693 916 770 ἦσαν
946 698 1047 753 τὸν
1077 703 1285 768 γέλωτα
1315 702 1588 770 κατέχειν,
1629 697 1867 769 ὁρῶντες

193 781 580 852 αἰωρούμενον
615 784 673 836 ἐκ
709 788 806 851 τῆς
843 779 1076 846 ὁλκάδος
1112 780 1174 837 τὸ
1215 784 1636 851 δορυδρέπανον
1672 783 1863 837 έκεῖνο.

191 871 323 929 ἴσως
340 863 443 935 μὲν
461 858 568 920 οὖν
586 873 668 935 εἴη
690 860 760 919 ἀν
781 866 830 918 τὶ
848 870 1046 933 ταῦτα,
1080 862 1263 933 ω’σπερ
1284 869 1484 930 Νικίας
1501 859 1787 934 Assya-0139
1808 863 1861 919 δ’

191 940 297 1002 οὖν
316 945 421 1016 ἐγώ
445 947 796 1017 ἐντετύχηκα,
813 943 1016 1001 τοιαῦτ’
1040 944 1173 1002 άττα
1192 950 1354 1002 ἐστίν.

99 1036 131 1077 Β
330 1035 463 1086 VIII.
526 1026 590 1085 Ο
611 1023 716 1083 οὖν
741 1030 831 1083 καὶ
851 1031 903 1094 ἐξ
928 1026 1098 1099 ἀρχῆς
1117 1028 1298 1100 εἶπον,
1340 1027 1425 1084 ὅτι
1445 1036 1551 1084 εἴτε
1573 1027 1720 1084 οὕτω
1742 1047 1865 1099 σμι-

192 1109 331 1180 κρὰς
354 1109 621 1181 ὠφελείας
640 1114 746 1182 ἔχει
766 1110 999 1182 μάθημα
1018 1110 1102 1182 ὅν,
1119 1120 1225 1168 εἴτε
1245 1111 1320 1183 μὴ
1342 1107 1408 1167 ὂν
1427 1113 1562 1182 φασὶ
1581 1113 1673 1167 καὶ
1694 1129 1853 1180 προς-

191 1200 482 1250 ποιοῦνται
502 1190 635 1248 αὐτὸ
659 1192 798 1248 εἶναι
813 1193 1049 1264 μάθημα
1065 1236 1080 1264 ,
1114 1192 1218 1250 οὐκ
1231 1195 1387 1260 ἄξιον
1412 1197 1700 1264 ἐπιχειρεῖν
1718 1215 1865 1264 μαν-
1894 1226 1897 1228 -

186 1278 408 1334 θάνειν.
452 1275 670 1347 καὶγὰρ
691 1270 795 1332 οὖν
813 1299 907 1348 μοι
929 1280 1096 1347 δοκεῖ,
1111 1281 1161 1331 εἰ
1178 1279 1280 1347 μὲν
1300 1276 1478 1341 δειλός
1495 1298 1575 1340 τις
1595 1272 1676 1330 ὢν
1696 1283 1863 1332 οἴοιτο

192 1359 366 1417 αὐτὸν
401 1363 756 1430 ἐπίστασθαι,
792 1359 1142 1431 θρασύτερος
1178 1354 1250 1412 ἂν
1291 1356 1354 1412 δι’
1395 1355 1529 1413 αὐτὸ
1568 1357 1866 1427 γενόμενος

188 1443 616 1514 ἐπιφανέστερος
637 1445 851 1512 γένοιτο
875 1436 988 1506 οἷος
1007 1435 1103 1512 ἦν·
1141 1446 1190 1496 εἰ
1208 1441 1266 1496 δὲ
1286 1438 1564 1511 ἀνδρεῖος,
1587 1439 1864 1510 φυλαττό-

187 1547 354 1596 μενος
383 1521 456 1579 ὄὶν
474 1522 581 1579 ὑπὸ
602 1530 716 1579 τῶν
735 1521 1085 1594 ἀνθρώπων,
1117 1527 1166 1578 εἰ
1192 1524 1283 1578 καὶ
1301 1521 1538 1593 σμικρὸν
1557 1521 1862 1594 ἐξαμάρτοι,

187 1607 430 1679 μεγάλας
448 1603 521 1662 ἂν
540 1607 799 1678 διαβολὰς
823 1615 1018 1678 ἴσχειν·
1053 1607 1360 1675 ἐπίφθονος
1377 1605 1483 1675 γὰρ
1502 1603 1538 1675 ἡ
1559 1614 1863 1675 προσποίη-

103 1705 136 1747 C
192 1707 278 1756 σις
315 1696 412 1761 τῆς
446 1689 702 1761 τοιαύτης
738 1689 1062 1761 ἐπιστήμης,
1102 1685 1224 1742 ὥστ’
1257 1691 1308 1742 εἰ
1339 1686 1413 1758 μή
1451 1709 1503 1741 τι
1536 1686 1864 1758 θαυμαστὸν

188 1772 330 1828 ὅσον
350 1776 598 1843 διαφέρει
617 1779 686 1844 τῇ
704 1770 872 1844 ἀρετῇ
889 1778 1002 1827 τῶν
1022 1770 1207 1826 ἄλλων
1221 1814 1234 1838 ,
1268 1769 1371 1825 οὐκ
1390 1768 1503 1825 ἔσθ’
1529 1768 1679 1835 ὅπως
1696 1770 1767 1825 ἄν
1785 1793 1864 1835 τις

186 1855 362 1926 φύγοι
372 1852 432 1910 τό
448 1856 846 1924 καταγέλαστος
856 1851 1378 1923 γενέσθαι,φάσκων
1388 1855 1532 1922 ἔχειν
1540 1852 1748 1924 ταύτην
1760 1852 1863 1923 τὴν

186 1938 506 2010 ἐπιστήμην.
544 1935 768 2007 τοιαύτη
787 1959 867 2002 τις
887 1941 1070 2008 ἔμοιγε
1089 1939 1268 2004 δοκεῖ,
1290 1928 1334 1990 ὦ
1352 1939 1660 2005 Λυσίμαχε,
1680 1932 1715 2004 ἡ
1736 1935 1860 2004 περὶ

185 2026 351 2076 τοῦτο
371 2021 432 2075 τὸ
453 2020 689 2092 μάθημα
710 2018 849 2076 εἶναι
873 2017 1116 2090 σπουδή·
1153 2015 1256 2088 χρὴ
1277 2020 1310 2072 δ
1318 2015 1332 2036 '
1353 2015 1488 2088 ὅπερ
1509 2034 1597 2072 σοι
1617 2019 1672 2082 ἐξ
1692 2014 1862 2088 ἀρχῆς

184 2106 377 2173 ἔλεγον
389 2143 405 2172 ,
441 2103 534 2158 καὶ
553 2100 828 2173 Σωκράτη
865 2101 1028 2157 τόνδε
1063 2098 1135 2172 μὴ
1177 2098 1423 2169 α’φιέναι,
1464 2095 1599 2153 ἀλλὰ
1641 2102 1859 2153 δεῖσθαι

185 2183 595 2257 συμβουλεύειν
614 2182 724 2255 ὅπῃ
745 2186 900 2238 δοκεῖ
913 2180 1066 2258 αὐτῷ
1085 2185 1208 2252 περὶ
1225 2188 1329 2238 τοῦ
1347 2184 1730 2253 προκειμένου.

324 2273 439 2325 ΛΤ.
488 2264 647 2322 Ἀλλόι
666 2267 857 2336 δέομαι
876 2270 1064 2335 ἔγωγε,
1088 2258 1132 2320 ὦ
1149 2263 1470 2335 Σώκρατες·
1510 2265 1600 2319 καὶ
1617 2261 1725 2333 γὰρ
1756 2261 1857 2327 ὤς·-

117 2371 154 2412 1)
188 2370 289 2419 περ
312 2353 389 2403 ἔτι
405 2355 508 2404 τοῦ
529 2351 949 2417 διακρινοῦντος
969 2351 1124 2404 δοκεῖ
1134 2368 1228 2418 μοι
1246 2351 1360 2402 δεῖν
1378 2343 1510 2417 ἡμῖν
1527 2342 1560 2416 ἡ
1579 2344 1772 2417 βουλή.
1810 2349 1860 2399 εἰ

185 2432 288 2504 μὲν
306 2429 413 2502 γὰρ
433 2433 857 2501 συνεφερέσθην
874 2429 1033 2501 τώδε,
1051 2423 1217 2500 ἧττον
1236 2426 1309 2486 ἂν
1324 2436 1427 2485 τοῦ
1444 2427 1700 2484 τοιούτου
1720 2430 1830 2482 ἔδει
1843 2447 1855 2458 ·

186 2521 298 2570 νῦν
317 2516 382 2569 δέ
402 2547 464 2554 —-
483 2510 588 2584 τὴν
608 2514 865 2568 ἐναντίαν
881 2512 989 2583 γάρ
1000 2554 1017 2582 ,
1048 2510 1122 2578 ὠς
1142 2510 1305 2587 ὁρᾷς,
1336 2512 1519 2582 Λάχης
1537 2514 1707 2582 Νικίᾳ
1727 2514 1850 2565 ἔθε-
1880 2539 1883 2542 ·

184 2618 247 2652 το
265 2627 338 2637 -
356 2589 425 2651 εὖ
455 2593 521 2666 δὴ
553 2599 662 2665 ἔχει
688 2594 924 2651 οἰκοῦσαι
954 2596 1045 2650 καὶ
1076 2601 1210 2664 σοῦ,
1247 2597 1458 2665 ποτέρῳ
1488 2604 1607 2647 τοῖν
1625 2590 1854 2662 ἀνδροῖν

186 2676 486 2748 σύμψηφος
506 2675 566 2731 εἶ.

327 2765 414 2816 ΙΧ.
487 2764 608 2814 ΣΩ.
671 2763 740 2813 Τί
756 2761 871 2829 δαί,
894 2752 940 2813 ὦ
961 2763 1269 2829 Λυσίμαχε;
1307 2753 1519 2825 ὁπότερ’
1539 2752 1611 2810 ἂν
1630 2758 1686 2809 οἱ
1702 2758 1835 2810 πλεὺ

186 2862 285 2906 ους
304 2842 602 2897 ἐπαινῶσιν
619 2837 778 2912 ἡμῶν
791 2882 805 2910 ,
828 2839 1045 2904 τούτοις
1060 2841 1278 2910 μέλλεις
1291 2843 1558 2907 χρῆσθαι;
