1962 3112
202 140 306 192 446
814 137 1285 187 HAATszNoz·
1811 118 1870 186 ε’

205 268 285 329 ὦν
315 274 406 328 καὶ
438 275 651 327 δίκαιον
680 272 771 325 καὶ
799 291 901 340 χρη
935 275 1155 338 πρῶτον
1183 271 1565 339 μεμνημένους
1593 272 1871 326 ἐπαινέσαι·

202 353 390 410 αὐτῶν
416 355 518 423 τὴν
546 352 761 423 ἀρετήν.
802 355 888 406 δεῖ
912 350 976 421 δή
1009 348 1182 420 αὐτὴν
1202 354 1365 417 ἰδεῖν,
1404 355 1453 406 εἰ
1469 353 1651 420 μέλλει
1670 373 1750 415 τις
1769 374 1871 406 κα-

201 441 311 500 λῶς
338 438 607 503 ἐπαινεῖν,
651 435 710 487 ἐν
731 435 918 504 ἐκείνῳ
947 438 1021 504 τῷ
1041 431 1220 504 χρόνῳ
1240 432 1542 502 γενόμενον
1572 435 1747 503 λόγῳ,
1781 423 1872 487 ὅτε

200 523 350 572 πᾶσα
377 517 478 586 μὲν
506 514 539 586 ἡ
567 514 715 570 Ἀσία
745 514 1001 570 ἐδούλευε
1032 520 1194 586 τρίτῳ
1221 514 1324 584 ἤδη
1347 521 1585 586 βασιλεῖ,
1624 509 1703 569 ὦν
1723 513 1751 569 ὁ
1772 517 1872 584 μὲν

204 606 420 666 πρῶτος
448 603 637 667 Κῦρος
660 596 1038 694 ἐλευθερώσας
1067 598 1286 666 Πέρσας
1309 594 1437 659 τοὺς
1457 594 1632 651 αὑτοῦ
1651 602 1872 660 πολίτας

138 700 172 740 Ε
205 686 283 750 τῷ
324 678 499 734 αὑτοῦ
540 678 852 748 φρονήματι
889 676 1001 747 α’μα
1039 681 1128 732 καὶ
1166 699 1295 741 τους
1332 678 1599 742 δεσπότας
1636 678 1876 749 Μήδους

204 735 552 815 ἐδουλώσατο
582 761 672 813 καὶ
700 765 795 828 τῆς
815 757 981 828 ἄλλης
1003 755 1182 821 Ἀσίας
1202 760 1357 828 μέχρι
1376 759 1669 857 Αἰγύπτου
1686 753 1869 828 ἦρξεν,

203 839 234 895 ὁ
266 842 325 896 δὲ
354 839 476 904 υιὸς
506 838 681 895 αὐτοῦ
700 841 988 909 Αἰγύπτου
1011 862 1069 894 τε
1091 843 1180 895 καὶ
1199 839 1449 910 Λιβύης
1428 841 1564 895 όσον
1585 836 1705 896 οἷόν
1725 862 1782 894 τε
1800 843 1876 937 ήν

202 924 521 993 ἐπιβαίνειν,
543 927 720 993 τρίτος
736 923 793 977 δὲ
811 930 1046 990 Δαρεῖος
1065 927 1194 994 πεζῇ
1214 923 1314 991 μὲν
1332 924 1487 992 μέχρι
1504 929 1755 977 Σκυθῶν
1771 920 1873 991 τὴν

202 1002 379 1074 ἀρχὴν
422 1002 683 1071 ὡρίσατο,
722 1006 886 1058 ναυσὶ
920 1003 978 1058 δὲ
1009 1010 1105 1073 τῆς
1135 1025 1192 1057 τε
1220 1004 1497 1074 θαλάττης
1533 1003 1746 1074 ἐκράτει
1782 1003 1876 1058 καὶ

92 1099 175 1143 240
203 1091 316 1138 τῶν
344 1085 564 1155 νήσων,
606 1082 744 1138 ὥστε
773 1084 908 1153 μηδὲ
934 1082 1126 1149 ἀξιοῦν
1156 1082 1457 1140 ἀντίπαλον
1489 1083 1641 1158 αὐτῷ
1659 1087 1870 1155 μηδένα

205 1163 368 1220 εἶναι·
410 1167 471 1219 αἱ
496 1165 554 1220 δὲ
580 1171 796 1236 γνῶμαι
829 1167 1235 1235 δεδουλωμέναι
1263 1164 1522 1220 ἁπάντων
1550 1165 1870 1237 ἀνθρώπων

204 1241 372 1316 ἦσαν·
421 1244 568 1302 οὕτω
596 1245 771 1302 πολλὰ
801 1249 892 1302 καὶ
923 1248 1133 1318 μεγάλα
1161 1251 1248 1303 καὶ
1268 1247 1472 1318 μάχιμα
1490 1252 1619 1318 γένη
1641 1250 1869 1302 καταδε-

206 1330 524 1398 δουλωμένη
544 1322 667 1399 ἦνῆ
690 1335 922 1397 Περσῶν
941 1328 1094 1399 ἀρχή.

345 1414 407 1463 Χ.
480 1410 878 1478 Αἰτιασάμενος
894 1410 951 1464 δὲ
966 1419 1201 1479 Δαρεῖος
1218 1407 1359 1480 ἡμᾶς
1377 1431 1434 1464 τε
1454 1414 1542 1465 καὶ
1558 1408 1871 1479 Ἐρετριέας,

205 1489 486 1559 Σάρδεσιν
508 1492 893 1561 ἐπιβουλεῦσαι
912 1491 1380 1561 προφασιζόμενος
1394 1534 1408 1559 ,
1440 1494 1653 1562 πέμψας
1671 1493 1871 1563 μυριά-

207 1575 302 1635 δας
322 1571 424 1640 μὲν
442 1572 783 1642 πεντήκοντα
804 1577 864 1627 ε”ν
879 1594 935 1626 τε
948 1577 1156 1636 πλοίοις
1174 1574 1262 1628 καὶ
1282 1578 1460 1642 ναυσί,
1483 1580 1621 1637 ναῦς
1641 1574 1699 1629 δὲ
1719 1594 1872 1643 τρια-

205 1658 421 1721 κοσίας,
441 1660 620 1708 Δᾶτιν
644 1654 701 1708 δὲ
730 1653 983 1723 ἄρχοντα,
1006 1653 1155 1708 εἶπεν
1174 1653 1329 1724 ἥκειν
1348 1651 1552 1723 ἄγοντα
1576 1652 1874 1724 Ἐρετριέας

144 1755 175 1794 Β
208 1735 298 1790 καὶ
311 1732 642 1805 Ἀθηναίους
655 1777 668 1801 ,
692 1741 742 1790 εί
756 1736 1012 1805 βούλοιτο
1032 1733 1135 1805 τὴν
1154 1737 1353 1791 ἑαυτοῦ
1371 1735 1621 1806 κεφαλὴν
1640 1740 1779 1805 ἔχειν
1793 1757 1803 1766 ·
1841 1733 1869 1790 ὁ

208 1815 265 1870 δὲ
285 1816 526 1880 πλεύσας
545 1821 620 1880 εἰς
645 1814 923 1885 Ἐρέτριαν
943 1815 1027 1872 ἐπ’
1062 1816 1269 1885 ἄνδρας
1283 1860 1295 1875 ,
1337 1823 1391 1872 οἳ
1407 1824 1519 1871 τῶν
1538 1817 1659 1871 τότε
1679 1814 1874 1887 Ἑλλή-

206 1918 322 1951 νων
352 1899 411 1952 ἐν
447 1909 559 1961 τοῖς
589 1895 1044 1968 εὐδοκιμωτάτοις
1074 1891 1214 1967 ἦσαν
1245 1896 1309 1951 τὰ
1340 1897 1477 1965 πρὸς
1504 1895 1602 1951 τὸν
1631 1897 1873 1965 πόλεμον

206 1979 296 2032 καὶ
316 1976 418 2032 οὐκ
439 1975 629 2048 ὀλίγοι,
652 1979 882 2043 τούτους
901 1979 1222 2049 ἐχειρώσατο
1242 1979 1342 2049 μὲν
1359 1982 1416 2034 ἐν
1434 1981 1611 2048 τρισὶν
1630 1977 1870 2049 ἡμέραις,

210 2061 606 2132 διηρευνήσατο
646 2063 703 2118 δὲ
737 2061 922 2118 αὐτῶν
953 2069 1136 2118 πᾶσαν
1175 2062 1276 2133 τὴν
1310 2061 1522 2132 χώραν,
1559 2065 1651 2117 ἵνα
1688 2063 1874 2132 μηδεὶς

206 2141 514 2213 ἀποφύγοι,
567 2144 796 2218 τοιούτῳ
838 2145 1049 2217 τρόπῳ·
1099 2147 1183 2200 ἐπὶ
1217 2144 1281 2199 τὰ
1321 2143 1446 2212 ὅρια
1485 2143 1745 2207 ἐλθόντες
1778 2149 1874 2213 τῆς

200 2223 507 2294 Ἐρετρικῆς
526 2228 582 2280 oc
597 2232 921 2295 στρατιῶται
940 2226 1114 2281 αὐτοῦ
1130 2268 1142 2289 ,
1179 2228 1239 2280 ἐκ
1260 2224 1538 2295 θαλάττης
1566 2230 1640 2289 εἰς
1659 2224 1873 2279 θάλατ-

205 2327 307 2360 ταν
328 2306 645 2371 διαστάντες
660 2350 673 2374 ,
710 2307 1056 2373 συνάψαντες
1076 2304 1171 2371 τὰς
1191 2318 1373 2377 χεῖρας
1395 2310 1632 2377 διῆλθον
1651 2304 1873 2360 ἅπασαν
1943 2319 1962 2365 12'

151 2409 182 2450 c
212 2385 313 2456 τὴν
335 2385 549 2457 χώραν,
581 2386 657 2442 ἵν’
681 2394 854 2459 ἔχοιεν
872 2396 950 2462 τῷ
972 2395 1188 2460 βασιλεῖ
1201 2394 1397 2455 εἰπεῖν,
1429 2388 1512 2443 ὅτι
1531 2387 1711 2453 οὐδεὶς
1730 2395 1875 2458 σφοῖς
1946 2399 1951 2404 “

209 2466 611 2538 ἀποπεφευγὼς
649 2477 747 2540 εἴη.
787 2477 853 2543 τῇ
890 2469 940 2525 δ’
979 2468 1119 2542 αὐτῇ
1156 2473 1370 2542 διανοίᾳ
1406 2470 1779 2540 κατηγάγοντο
1818 2473 1871 2534 ἐξ

205 2545 476 2615 Ἐρετρίας
496 2553 570 2612 εἰς
594 2555 948 2621 Μαραθῶνα,
972 2549 1044 2614 ὠς
1062 2551 1281 2621 ἕτοιμόν
1303 2567 1495 2621 σφισιν
1518 2548 1585 2605 ὂν
1604 2552 1693 2605 καὶ
1708 2549 1872 2620 Ἀθη-
1936 2580 1941 2582 ·

210 2633 400 2692 ναίους
430 2632 488 2683 ἐν
516 2637 581 2700 τῇ
611 2631 754 2703 αὐτῇ
781 2633 951 2705 ταύτῃ
974 2632 1190 2704 ἀνάγκη
1209 2632 1498 2699 ζεύξαντας
1511 2629 1874 2699 Ἐρετριεῦσιν
1935 2640 1942 2687 ζ

210 2708 380 2779 ἄγειν.
403 2711 616 2766 τούτων
635 2713 694 2768 δὲ
715 2721 826 2768 τῶν
844 2714 944 2784 μὲν
963 2718 1342 2785 πραχθέντων,
1363 2719 1475 2769 τῶν
1494 2712 1546 2768 δ’
1568 2715 1874 2782 ἐπιχειρου-
1923 2730 1931 2770 J

209 2792 396 2861 μένων
423 2790 543 2847 οὔτ’
561 2790 921 2862 Ἐρετριεῦσιν
934 2794 1526 2866 ἐβοήθησενἘλλήνων
1545 2791 1723 2859 οὐδεὶς
1746 2794 1873 2850 οὔτε
