2020 3094
193 147 264 199 40
406 208 409 209 ⁷
810 147 1278 197 ΠΛΑΤΩΝΟΣ

333 287 465 337 ΜΕ.
521 287 650 344 Πῶς
668 283 865 350 λέγεις;

331 368 392 418 Χ.
468 368 590 418 ΣΩ.
623 355 750 417 ’Ὧδε
770 370 901 426 ἴσως
921 367 1131 431 μᾶλλον
1150 360 1460 433 κατάδηλον
1478 369 1641 420 ἔσται.
1686 363 1756 420 οὔ
1775 388 1866 436 μοι

193 449 350 500 δοκεῖ·
372 447 425 510 ἐξ
455 442 624 515 ἀρχῆς
651 442 785 515 ἡμῖν
815 441 1236 514 ὦμολογῆσθαι,
1276 451 1333 500 τί
1361 444 1476 501 ποτ’
1505 450 1616 502 ἔστι
1648 448 1770 517 περὶ
1796 442 1866 503 οὗ

192 526 583 597 βουλευόμεθα
613 527 704 581 καὶ
735 525 1114 596 σκεπτόμεθα,
1156 525 1306 592 ὅστις
1323 526 1482 599 ἡμῶν
1514 529 1758 599 τεχνικὸς
1777 530 1866 585 καὶ

133 619 163 662 C
192 608 395 664 τούτου
416 610 575 663 ἕνεκα
599 607 966 673 διδασκάλους
987 609 1249 680 ἐκτήσατο
1263 653 1278 680 ,
1300 613 1388 665 καὶ
1409 609 1558 674 ὅστις
1581 610 1671 681 μή.

333 695 438 745 ΝΙ.
498 688 583 746 Οὐ
602 691 735 762 γάρ,
775 684 820 746 ὦ
838 691 1157 762 Σώκρατες,
1197 694 1320 763 περὶ
1348 699 1452 748 τοῦ
1470 696 1531 749 ἐν
1551 690 1742 757 ὅπλοις
1761 692 1866 763 μά-

191 781 388 843 χεσθαι
408 779 756 844 σκοποῦμεν,
794 782 901 830 εἴτε
929 771 1032 845 χρὴ
1054 772 1187 829 αὐτὸ
1221 773 1354 840 τούς
1381 781 1706 839 νεανίσκους
1725 797 1866 845 μαν-

191 855 392 911 θάνειν
412 863 518 911 εἴτε
538 855 642 926 μής

333 942 459 992 Σῼ.
512 937 680 991 Πάνυ
699 937 800 1006 μὲν
820 930 951 1007 οὖν,
984 930 1029 991 ὦ
1046 944 1233 994 Νικιά.
1283 937 1398 996 ἀλλ’
1420 938 1556 996 ὅταν
1575 943 1699 1012 περὶ
1720 963 1867 1011 φαρ-

193 1019 378 1089 μάκου
398 1039 477 1082 τις
495 1025 598 1073 τοῦ
624 1016 763 1088 πρὸς
793 1016 1126 1089 ὀφθαλμοὺς
1146 1028 1440 1093 σκοπῆται,
1479 1030 1585 1078 εἴτε
1604 1020 1706 1095 χρὴ
1731 1021 1864 1079 αὐτὸ

191 1099 602 1170 ὑπαλείφεσθαι
630 1108 737 1156 εἴτε
766 1102 870 1172 μή,
909 1100 1145 1173 πότερον
1166 1110 1269 1159 οἴει
1296 1102 1418 1158 τότε
1450 1103 1590 1160 εἶναι
1608 1103 1711 1178 τὴν
1727 1112 1866 1178 βου-

193 1181 300 1255 λὴν
315 1184 439 1254 περὶ
456 1189 557 1238 τοῦ
578 1183 879 1254 φαρμάκου
897 1181 934 1255 ἦ
954 1185 1205 1254 περὶτῶν
1223 1182 1561 1256 ὀφθαλμῶνς

332 1272 435 1322 ΝΙ.
492 1268 631 1338 Περὶ
649 1273 762 1322 τῶν
782 1264 1110 1338 ὀφθαλμῶν.

125 1360 159 1400 D
330 1356 456 1407 ΣΩ.
512 1348 740 1407 Οὐκοῦν
767 1352 859 1406 καὶ
889 1350 1027 1406 ὅταν
1052 1353 1200 1422 ἵππῳ
1229 1351 1457 1421 χαλινὸν
1487 1360 1760 1424 σκοπῆταί
1786 1377 1866 1419 τις

196 1437 247 1487 εἰ
262 1436 623 1503 προσοιστέον
641 1428 677 1504 ἢ
697 1432 772 1502 μή
785 1474 800 1503 ,
821 1433 912 1488 καὶ
931 1431 1098 1488 ὁπότε
1112 1476 1126 1501 ,
1163 1434 1285 1490 τότε
1304 1455 1414 1491 που
1433 1438 1557 1508 περὶ
1574 1442 1675 1492 τοῦ
1692 1440 1864 1492 ἵππου

193 1516 521 1586 βουλεύεται
539 1511 657 1570 ἀλλ’
679 1511 747 1569 οὐ
766 1515 890 1584 περὶ
908 1520 1009 1570 τοῦ
1028 1522 1287 1586 χαλινοῦ;

332 1603 434 1653 ΝΙ.
487 1596 707 1668 Ἀληθῆ.

332 1683 458 1735 2752.
516 1676 746 1734 Οὐκοῦν
765 1679 844 1734 ἑνὶ
864 1678 1028 1752 λόγῳ,
1049 1678 1183 1735 ὅταν
1201 1685 1280 1745 τίς
1298 1702 1349 1736 τι
1368 1681 1530 1736 ἕνεκά
1549 1703 1650 1736 του
1667 1689 1863 1754 σκοπῇ,

194 1763 321 1832 περὶ
355 1765 572 1818 ἐκείνου
601 1760 635 1832 ἡ
666 1760 840 1832 βουλὴ
877 1760 1135 1832 τυγχάνει
1170 1755 1313 1817 οὖσα
1349 1754 1608 1824 οὗὲνεκα
1627 1764 1863 1834 ἐσκόπει,

193 1841 304 1900 ἀλλ’
330 1843 399 1900 οὐ
418 1847 543 1915 περὶ
563 1850 664 1899 τοῦ
684 1840 716 1898 ὃ
735 1845 895 1899 ἕνεκα
915 1843 1089 1900 ἄλλου
1104 1843 1289 1915 ἐζήτει.

302 1926 306 1930 ’
331 1931 435 1982 ΝΙ.
464 1924 718 1997 Ἀνάγκη.

335 2013 459 2064 Σῼ.
500 2008 722 2079 Δεῖὸἱρα
734 2010 825 2064 καὶ
843 2006 943 2063 τὸν
963 2007 1286 2078 σύμβουλον
1304 2019 1548 2079 σκοπεῖν,
1562 2002 1670 2078 ἆρα
1687 2030 1867 2080 τεχνι-

191 2089 290 2155 κός
321 2092 469 2146 ἐστιν
487 2096 563 2155 εἰς
599 2092 815 2146 ἐκείνου
843 2096 1178 2161 θεραπείαν,
1210 2083 1283 2145 οὗ
1299 2091 1460 2146 ἕνεκα
1494 2091 1864 2161 σκοπούμενοι

194 2180 525 2243 σκοποῦμεν.

331 2261 436 2310 ΝΙ.
491 2255 655 2310 Πάνυ
673 2278 751 2326 γε.

331 2344 457 2393 ΣΩ.
516 2337 746 2395 Οὐκοῦν
775 2346 883 2395 νῦν
913 2337 1094 2410 φαμὲν
1128 2338 1253 2407 περὶ
1285 2335 1608 2407 μαθήματος
1639 2347 1864 2392 σκοπεῖν

132 2441 165 2481 Ε
191 2426 286 2491 τῆς
303 2425 479 2491 ψυχῆς
498 2421 660 2476 ἕνεκα
678 2427 774 2492 τῆς
792 2428 905 2476 τῶν
923 2424 1258 2482 νεανίσκων;

330 2507 434 2557 ΝΙ.
485 2508 613 2557 Ναί.

333 2588 459 2638 ΣΩ.
513 2590 592 2639 Εἴ
612 2606 692 2648 τις
728 2584 833 2654 ἄρα
860 2584 1020 2656 ἡμῶν
1050 2580 1296 2653 τεχνικὸς
1325 2581 1448 2650 περὶ
1479 2584 1655 2650 ψυχῆς
1690 2585 1854 2647 θερα-

193 2671 352 2720 πείαν
383 2667 473 2719 καὶ
506 2660 620 2729 οἷός
649 2687 706 2720 τε
734 2672 916 2731 καλῶς
935 2673 1098 2721 τοῦτο
1126 2669 1498 2734 θεραπεῦσαι,
1539 2663 1629 2716 καὶ
1650 2659 1758 2734 ὅτςο
1780 2664 1862 2715 δι-

194 2746 458 2802 δάσκαλοι
476 2745 680 2816 ἀγαθοὶ
699 2748 986 2818 γεγόνασι,
1008 2754 1171 2803 τοῦτο
1193 2749 1470 2801 σκεπτέον.

335 2834 450 2882 ΛΑ.
511 2833 576 2883 Τι’
594 2829 670 2898 δέ,
694 2821 738 2884 ὦ
756 2829 1077 2903 Σώκρατες,
1114 2827 1272 2883 οὔπω
1293 2825 1535 2897 ἑώρακας
1550 2824 1687 2880 ἄνευ
1707 2828 1860 2880 διδα-
