1962 3112
243 105 348 170 392
853 123 1335 174 ΠΛΑΤΩΝΟΣ
1864 134 1923 178 30

181 263 214 307 C
385 259 508 309 ΣΩ.
553 253 637 308 Οὐ
658 257 813 310 δοκεῖ
826 273 941 322 σοις

384 342 486 393 ΙΠ.
526 335 712 409 Πολλὴ
743 338 851 408 γὰρ
883 337 955 394 ἄν
983 338 1034 409 μ’
1063 345 1175 410 ἔχοι
1204 339 1424 412 ἀπειρία
1459 345 1550 399 καὶ
1579 351 1674 415 τῆς
1703 343 1915 401 τούτων

245 419 469 490 φύσεως
489 422 579 477 καὶ
599 428 694 492 τῆς
714 427 828 477 τῶν
848 422 1143 491 παρόντων
1161 426 1355 490 λέξεως
1374 425 1573 496 λόγων.

383 508 544 560 XXV.
618 510 743 560 ΣΩ.
794 502 999 569 Ἡδέως
1038 528 1128 576 γε,
1171 500 1216 561 εὖ
1244 504 1438 563 Ἱππία.
1497 505 1631 564 ἀλλὰ
1667 507 1775 579 γὰρ
1808 513 1909 581 ἐγα.

243 592 374 650 ἴσως
392 586 704 641 κινδυνεύω
732 591 914 643 δοκεῖν
944 590 1046 658 μέν
1076 611 1125 644 τι
1154 587 1299 662 ὁρᾷν
1328 588 1505 655 οὕτως
1543 596 1693 662 ἔχον,
1734 588 1805 657 ὡς
1842 596 1914 647 συ

243 667 355 740 φῂς
374 666 657 724 ἀδύνατον
678 669 844 741 εἶναι,
867 668 979 740 ὁρῶ
1003 670 1054 725 δ’
1076 670 1258 727 οὐδέν.

381 758 482 807 ΙΠ.
525 750 609 807 Οὐ
631 754 1002 822 κινδυνεύεις,
1026 747 1071 809 ὦ
1091 755 1410 826 Σώκρατες,
1444 753 1582 811 ἀλλὰ
1603 752 1752 811 πάνυ
1773 758 1914 812 ἑτοί-

240 856 354 904 μως
374 842 637 908 παρορᾷς.

381 923 504 972 ΣΩ.
541 921 652 973 Καὶ
666 917 777 989 μὴν
793 919 969 974 πολλά
988 921 1055 989 γε’
1068 941 1161 990 μοι
1180 928 1545 991 προφαίνεται
1560 927 1786 977 τοιαῦτα
1802 942 1909 991 προ

240 1006 335 1070 τῆς
356 1006 557 1070 ψυχῆς,
589 998 727 1055 ἀλλὰ
747 999 958 1056 ἀπιστῶ
977 1000 1190 1073 αὐτοῖς,
1223 1001 1307 1057 ὅτι
1326 1004 1412 1058 σοὶ
1430 1002 1531 1073 μὲν
1550 1002 1619 1059 οὐ
1640 1004 1911 1074 φαντάζε-

179 1086 214 1128 D
247 1105 362 1152 ται,
402 1081 565 1154 ἀνδρὶ
592 1090 848 1139 πλεῖστον
875 1083 1145 1155 ἀργύριον
1169 1087 1506 1157 είργασμένω
1537 1107 1650 1140 των
1683 1093 1791 1142 νῦν
1822 1089 1909 1143 ἐπὶ

239 1172 435 1238 σοφία,
457 1168 576 1236 ἐμοὶ
597 1169 684 1237 δέ,
716 1165 776 1231 ὂς
796 1165 962 1222 οὐδὲν
982 1168 1204 1222 πώποτε
1225 1168 1588 1238 εἰργασάμην·
1623 1170 1714 1224 καὶ
1733 1171 1902 1224 ἐνθυ-

237 1255 474 1319 μοῦμαι,
498 1272 539 1304 ω
563 1251 766 1320 εταΐρε,
790 1249 863 1321 μὴ
886 1255 1076 1323 παίζῃς
1096 1248 1234 1318 πρός
1253 1271 1319 1320 με
1338 1251 1428 1305 καὶ
1447 1248 1591 1306 ἑκών
1611 1254 1904 1325 ἐξαπατας

236 1331 384 1387 οὕτω
404 1355 498 1403 μοι
519 1334 739 1404 σφόδρα
764 1335 855 1389 καὶ
875 1332 1049 1389 πολλα
1071 1339 1478 1402 καταφαίνεται.

375 1423 475 1472 ΙΠ.
514 1415 713 1481 Οὐδεὶς
734 1424 864 1488 σοῦ,
890 1411 935 1472 ὦ
953 1415 1275 1487 Σώκρατες,
1297 1415 1527 1471 κάλλιον
1547 1425 1774 1488 εἵσεται,
1796 1427 1904 1474 εἴτε

233 1504 404 1565 παίζω
427 1507 533 1555 εἴτε
553 1499 657 1571 μή,
694 1498 791 1554 ἐὰν
821 1498 1162 1571 ἐπιχειρήσῃς
1191 1501 1370 1568 λέγειν
1388 1501 1454 1553 τοὶ
1477 1501 1900 1572 προφαινόμενά

231 1598 321 1637 σοι
338 1588 511 1637 ταῦτα
527 1603 537 1613 ·
567 1582 805 1653 φανήσει
823 1580 930 1652 γὰρ
952 1580 1118 1637 οὐδὲν
1134 1584 1329 1652 λέγων.
1366 1580 1434 1636 οὐ
1451 1581 1557 1654 γαρ
1577 1582 1787 1655 μήποτε
1807 1583 1904 1639 εὕ-

231 1686 346 1738 ρῃς,
362 1662 394 1720 ὃ
411 1663 530 1736 μήτ’
553 1665 657 1735 ἐγω
679 1668 936 1721 πέπονθα
956 1664 1090 1736 μήτε
1113 1664 1201 1735 σύ,
1228 1661 1371 1719 τοῦτ’
1393 1662 1739 1737 ἀμφοτέρους
1756 1664 1903 1737 ἡμᾶς

228 1747 593 1812 πεπονθότας.

162 1834 197 1875 Ε
369 1834 494 1884 ΣΩ.
533 1835 664 1893 Πῶς
685 1830 883 1900 λέγεις,
907 1823 951 1884 ὦ
970 1827 1177 1895 Ἱππίας
1216 1837 1347 1894 ἴσως
1365 1832 1467 1900 μὲν
1485 1831 1532 1885 τὶ
1553 1834 1751 1902 λέγεις,
1789 1831 1896 1901 ἐγὼ

231 1909 285 1966 δ’
307 1933 375 1966 ου
396 1910 697 1982 μανθάνω·
736 1909 875 1967 ἀλλα
893 1934 1002 1982 μου
1023 1915 1379 2017 σαφέστερον
1380 1911 1626 1967 ἄκουσον
1642 1910 1674 1967 ὃ
1691 1912 1898 1984 βούλο-

228 2016 325 2064 μαι
344 1997 538 2064 λέγειν.
586 1997 704 2065 ἐμοὶ
725 1995 829 2065 γὰρ
852 2000 1131 2066 φαίνεται,
1164 1993 1197 2050 ὂ
1214 1993 1331 2066 μήτ’
1351 1995 1458 2064 ε’γω
1481 1996 1736 2050 πέπονθα
1758 1994 1898 2051 εἶναι

227 2074 346 2148 μήτ’
379 2078 485 2147 εἰμὶ
518 2075 650 2148 μηδ’
672 2080 744 2132 αὐ
784 2076 855 2132 σύ
890 2077 962 2148 εἶ,
1004 2076 1146 2133 τοῦτ’
1170 2076 1518 2149 ἀμφοτέρους
1554 2080 1896 2133 πεπονθεναι

224 2158 369 2231 ἡμᾶς
391 2157 512 2216 οἶόν
533 2158 573 2216 τ’
598 2160 762 2216 εἶναι
799 2163 955 2230 ἕτερα
977 2158 1031 2216 δ’
1048 2156 1139 2233 αὖ,
1157 2185 1189 2216 α
1209 2160 1512 2232 ἀμφότεροι
1531 2159 1895 2231 πεπόνθαμεν

221 2242 360 2299 εἶναι
373 2286 387 2311 ,
409 2243 557 2298 ταῦτ’
579 2242 873 2312 οὐδέτερον
893 2244 1032 2300 εἶναι
1049 2243 1220 2316 ἡμῶν.

360 2332 462 2382 ΙΠ.
507 2330 716 2397 Τέρατα
738 2320 812 2381 αὖ
832 2324 1252 2400 ἀποκρινομένῳ
1275 2330 1481 2396 ἔοικας,
1514 2318 1559 2380 οἷ
1575 2323 1889 2394 Σώκρατες,

220 2413 298 2464 ἔτι
315 2404 520 2479 μείζω’
493 2407 530 2481 η’
549 2407 739 2480 ὀλίγον
757 2411 1032 2480 πρότερον
1051 2409 1343 2479 ἀπεκρίνω.
1400 2408 1593 2463 σκόπει
1612 2428 1747 2477 γαρ·
1784 2407 1888 2461 πό-

218 2513 380 2563 τερον
402 2497 452 2548 εἰ
471 2489 778 2565 ἀμφότεροι
798 2497 1004 2549 δίκαιοί
1026 2495 1218 2563 ἐσμεν,
1252 2491 1320 2547 οὐ
1342 2491 1484 2547 καὶ““
1456 2490 1710 2561 εκοέτερος
1728 2486 1887 2559 ἡμων

101 2584 188 2632 801
217 2573 344 2645 εἴη’
320 2574 392 2629 α’ν
406 2618 420 2645 ,
459 2571 496 2646 ἢ
518 2580 569 2630 εἰ
583 2575 819 2640 ἄδικος’
793 2576 1077 2646 εκοῖτερος,
1122 2573 1191 2630 οὐ
1211 2577 1302 2630 καὶ
1319 2573 1622 2646 ἀμφότεροι
1641 2594 1739 2642 αυ,
1783 2568 1819 2642 ἢ
1840 2577 1889 2628 εἰ

215 2654 580 2728 υγιαίνοντες,
606 2655 674 2712 οὐ
695 2659 785 2712 καὶ
806 2658 1087 2726 ἑκάτερος·
1075 2699 1088 2724 ,
1126 2654 1162 2728 ἦ
1193 2662 1242 2714 εἰ
1258 2656 1542 2728 κεκμηκώς
1560 2678 1612 2710 τι
1628 2651 1664 2725 ἢ
1683 2676 1886 2723 τετρω-

213 2740 379 2810 μένος
406 2735 443 2809 ἢ
470 2741 851 2810 πεπληγμένος
879 2735 916 2809 ἦ
946 2739 1058 2795 ἀλλ’
1083 2739 1275 2796 ὁτιοῦν
1303 2738 1600 2802 πεπονθώς
1630 2737 1884 2807 ἑκάτερος

210 2819 373 2894 ἡμῶν
391 2829 501 2893 εἴη,
539 2818 607 2876 οὐ
632 2822 723 2877 καὶ
744 2819 1050 2892 ἀμφότεροι
1081 2819 1153 2877 ἂν
1173 2829 1335 2878 τοῦτο
1369 2821 1772 2891 πεπόνθοιμεν;
1805 2823 1879 2875 ἔτι
