1962 3112
272 27 314 39 ς,
372 0 912 48 (,.,»ΉΨΓΨἿ
909 0 1192 36 μᾙυὟΓ)
1218 0 1314 74 'TV

122 36 169 53 ,ν

31 63 35 85 ³
130 117 191 166 ²⁹
673 102 1253 154 ΠΡΩΤΑΓΟΡΑΣ
1708 100 1812 155 167
1846 66 1852 69 ’

129 249 200 313 δη
222 241 328 300 οὐκ
356 243 569 306 ἐθέλεις
597 241 690 295 καὶ
718 241 841 310 ἐμοί
866 259 949 303 τις
976 236 1203 308 ἀσχολία
1225 235 1339 291 ἐστὶ
1355 237 1447 292 καὶ
1478 234 1584 292 ουκ
1605 232 1677 292 ἂν
1696 235 1812 305 οἶός

131 326 172 382 τ’
196 334 316 397 εἴην
334 340 424 380 σοι
442 333 776 393 παραμεῖναι
794 319 1138 376 ἄποτείνοντι
1156 315 1404 390 μακροὺς
1421 319 1625 388 λόγους
1642 353 1702 360 -
1718 322 1810 376 ἐλ-

130 416 260 463 θεῖν
286 405 393 475 γάρ
422 410 521 460 ποί
545 425 611 476 με
643 407 730 459 δεῖ
739 439 813 448 -
844 402 977 474 εἶμι·
1018 404 1135 459 ἐπεὶ
1162 403 1256 458 καὶ
1282 397 1426 457 ταῦτ’
1449 397 1522 457 ἂν
1554 409 1684 467 ἴσως
1703 401 1808 459 οὐκ

130 487 314 560 §nafis
346 504 451 542 σου
479 486 706 558 ἤκουον.
763 487 856 541 καὶ
885 483 998 556 ἅμα
1025 482 1174 540 ταῦτ’
1195 481 1367 540 εἰπών
1396 481 1704 555 ἀνιστάμην
1736 482 1809 550 ὡς

130 569 337 625 ἀπιών·
381 574 479 624 καί
500 590 611 640 μου
651 566 1021 638 ἀνισταμένου
1050 566 1477 638 ἐπιλαμβάνεται
1506 564 1810 633 ὁΚαλλ-ιάς

132 659 228 723 τῆς
248 650 424 722 χειρὸς
442 656 511 722 τῇ
542 653 719 722 δεξιᾷ,
757 655 823 722 τῇ
845 646 894 703 δ’
916 646 1180 720 ἀριστερᾷ
1208 645 1536 719 ἀντελάβετο
1567 654 1670 703 τοῦ
1686 652 1806 716 τρί-
1835 656 1871 699 D

131 740 311 797 Βωνος
329 737 582 803 τουτουΐ,
603 734 695 788 καὶ
716 730 868 787 εἶπεν
882 754 893 763 ·
935 730 1054 788 Οὐκ
1075 729 1367 802 ἀφήσομέν
1386 750 1475 802 σε,
1506 724 1551 787 ὦ
1566 731 1808 802 Σώκρα-

129 837 239 881 τες·
274 813 376 870 ἐὰν
393 812 500 886 γὰρ
520 813 592 869 σὺ
611 816 854 887 ἐξέλθῃς,
878 812 980 886 οὐχ
999 811 1200 886 ὁμοίως
1216 811 1350 885 ἡμῖν
1370 818 1590 870 ἔσονται
1612 818 1669 870 οἱ
1684 814 1808 870 διά-

131 904 304 967 λογοι.
345 901 537 968 δέομαι
557 891 661 952 οὖν
680 915 786 953 σου
806 908 1141 969 παραμεῖναι
1167 894 1299 968 ἡμῖν
1313 918 1324 928 ·
1363 894 1438 961 ὥς
1458 894 1565 967 ἐγώ
1586 894 1711 952 οὐδ’
1735 893 1809 954 ἂν

132 973 256 1044 ἐνὸς
279 978 440 1050 ἥδιον
461 980 761 1050 ἀκούσαιμι
779 975 815 1051 ἦ
835 986 941 1036 σοῦ
968 1001 1026 1034 τε
1045 980 1136 1035 καὶ
1152 978 1534 1051 Πρωταγόρου
1555 982 1810 1050 διαλεγο-

129 1064 340 1134 μένων·
378 1062 516 1119 ἀλλὰ
547 1063 766 1133 χάρισαι
799 1061 928 1135 ἡμῖν
956 1070 1140 1119 πᾶσιν.
1198 1064 1290 1119 καὶ
1309 1061 1416 1133 ἐγώ
1438 1061 1595 1119 εἶπον
1612 1098 1684 1106 --
1701 1062 1808 1135 ἥδη

131 1144 191 1200 δὲ
209 1141 483 1216 ἄνεστήκη
503 1142 579 1210 ’ὥς
599 1145 760 1212 ἐξιών
777 1139 926 1201 -Ὦ
944 1142 1389 1217 παῖἹππονίκου,
1413 1142 1497 1201 ἀεὶ
1517 1148 1618 1216 μὲν
1638 1148 1812 1217 ἔγωγέ

131 1242 238 1280 σου
273 1224 376 1297 τὴν
410 1233 751 1299 φιλοσοφίαν
783 1227 1016 1299 ἄγαμαι,
1054 1225 1191 1298 ἀτὰρ
1229 1229 1321 1283 καὶ
1353 1234 1460 1283 νῦν
1490 1229 1698 1283 ἐπαινῶ
1719 1228 1810 1283 καὶ

131 1314 307 1379 φιλῶ,
343 1307 482 1365 ὥστε
499 1315 808 1380 βουλοίμην
826 1305 899 1364 ἂν
916 1313 1240 1380 χαρίζεσθαί
1252 1327 1340 1366 σοι
1357 1353 1371 1379 ,
1402 1317 1577 1381 εἴμου
1598 1308 1808 1365 δυνατοὶ
1841 1324 1874 1364 Ε

132 1391 303 1447 δέοιο·
351 1397 460 1446 νῦν
496 1388 551 1446 δ’
573 1392 720 1447 ἐστὶν
744 1390 930 1462 ὥσπερ
961 1388 1032 1447 ἂν
1057 1396 1107 1448 εί
1134 1392 1280 1448 δέοιό
1313 1413 1423 1463 μου
1451 1397 1703 1462 Κρίσωνι
1731 1396 1806 1464 τῷ

123 1467 368 1547 ’Ῑμεραίῳ
399 1477 596 1544 δρομεῑ·
608 1469 906 1544 ἀκμάζοντι
925 1475 1184 1544 ἕπεσθαι,
1206 1471 1242 1545 ἢ
1263 1480 1376 1531 τῶν
1394 1475 1809 1545 δολιχοδρόμων

132 1576 209 1628 τῳ
241 1550 279 1626 ἦ
296 1562 408 1611 ταῖν
433 1553 834 1626 ἡμεροδρόμων
862 1559 1081 1612 διαθεῖν
1099 1579 1155 1612 τε
1187 1559 1279 1613 καὶ
1306 1559 1568 1627 ἕπεσθαι,
1603 1565 1809 1628 εἴποιμι

133 1635 208 1692 ἄν
228 1653 317 1693 σοι
347 1635 432 1693 ὅτι
460 1639 606 1694 πολὺ
627 1645 734 1694 σοῦ
751 1645 967 1710 μᾶλλον
986 1637 1091 1710 ἐγώ
1122 1641 1366 1710 ἐμαυτοῦ
1399 1640 1590 1710 δέομαι
1608 1641 1807 1694 θέουσι
1834 1650 1922 1696 335

132 1720 348 1784 τούτοις
370 1717 735 1790 ἀκολουθεῖν,
775 1717 891 1775 ἀλλ’
910 1718 979 1774 οὐ
997 1718 1102 1789 γὰρ
1124 1720 1393 1791 δύναμαι,
1423 1717 1539 1776 ἀλλ’
1560 1727 1616 1776 εἴ
1627 1742 1679 1776 τι
1698 1724 1808 1775 δέει

133 1801 453 1857 θεάσασθαι
473 1803 534 1856 ἐν
553 1808 630 1875 τῷ
648 1800 797 1875 αὐτῷ
820 1803 919 1873 ἐμέ
935 1824 991 1857 τε
1013 1804 1104 1858 καὶ
1121 1808 1385 1871 Κρίσωνα
1404 1807 1655 1872 θέοντας,
1677 1801 1812 1858 τού-

133 1905 237 1940 του
272 1887 403 1940 δέου
440 1891 806 1954 συγκαθεῑναι
820 1907 831 1918 ·
886 1884 994 1956 ἐγώ
1029 1885 1131 1956 μὲν
1158 1883 1265 1956 γὰρ
1297 1883 1366 1941 οὐ
1400 1884 1642 1956 δύναμαι
1669 1882 1808 1956 ταχὺ

134 1972 291 2037 θεῖν,
322 1958 484 2031 οὗτος
503 1966 561 2022 δὲ
595 1966 828 2022 δύναται
847 1969 1109 2038 βραδέως.
1170 1973 1220 2023 εἰ
1236 1961 1342 2021 οὖν
1362 1970 1651 2037 ἐπιθυμεῖς
1670 1969 1809 2036 ἐμοῦ

133 2050 223 2103 καὶ
238 2047 618 2118 Πρωταγόρου
638 2046 883 2117 ἀκούειν,
898 2049 1102 2104 τούτου
1122 2051 1271 2119 δέου,
1295 2046 1482 2119 ὥσπερ
1501 2047 1562 2104 τὸ
1585 2047 1812 2115 πρῶτόν

135 2149 231 2198 μοι
258 2127 591 2198 ἀπεκρίνατο
621 2129 710 2186 διὰ
739 2133 991 2201 βραχέων
1019 2150 1076 2184 τε
1106 2132 1196 2186 καὶ
1218 2128 1357 2186 αὐτὰ
1376 2128 1442 2185 τὰ
1463 2128 1808 2201 ἐρωτώμενα,

137 2206 285 2264 οὕτω
304 2211 395 2265 καὶ
414 2216 523 2264 νῦν
541 2208 945 2281 ἀποκρίνεσθαι
962 2233 971 2241 ·
1012 2216 1062 2266 εί
1079 2211 1136 2267 δὲ
1155 2211 1262 2283 μή,
1284 2219 1363 2277 τίς
1383 2209 1410 2268 ὁ
1433 2210 1637 2280 τρόπος
1656 2215 1808 2267 ἔσται
1840 2218 1872 2260 Β

134 2295 248 2346 τῶν
280 2290 582 2360 διαλόγων;
630 2293 793 2362 χωρὶς
826 2292 932 2362 γὰρ
965 2290 1118 2362 ἔγωγ’
1145 2292 1299 2367 ᾤμην
1318 2291 1457 2349 εἶναι
1476 2290 1535 2348 τό
1559 2297 1815 2348 συνεῖναί

135 2392 194 2427 τε
214 2369 471 2443 ἀλλήλοις
491 2376 916 2444 διαλεγομένους
937 2374 1104 2430 καὶτὸ
1124 2379 1469 2446 δημηγορεῖν.
1507 2371 1639 2429 Ἀλλ’
1658 2371 1809 2446 ὁρᾷς,

133 2457 257 2524 ἔφη,
272 2474 315 2508 ω
335 2454 654 2522 Σώκρατες·
692 2460 872 2511 δίκαια
895 2461 1049 2512 δοκεῖ
1064 2459 1241 2526 λέγειν
1252 2456 1629 2528 Πρωταγόρας
1645 2453 1811 2523 ἅξιων

135 2555 287 2590 αυτω
307 2556 365 2590 τε
383 2537 582 2601 ἐξεῖναι
603 2537 1007 2607 διαλέγεσθαι
986 2538 1135 2604 όπως
1164 2539 1425 2611 βούλεται
1444 2541 1534 2595 καὶ
1554 2541 1638 2595 σοὶ
1661 2538 1806 2604 όπως

135 2638 207 2671 αν
226 2610 299 2672 αὖ
322 2616 395 2672 σύ
412 2618 603 2690 βούλῃ

276 2705 453 2757 xxm.
530 2699 853 2772 Υπολαβων
889 2695 996 2759 οὖν
1030 2699 1062 2760 ὁ
1095 2701 1464 2777 Ἀλκιβιάδης,
1508 2702 1593 2760 Οὐ
1631 2710 1810 2769 καλως

140 2784 334 2853 λέγεις,
353 2787 488 2856 ἔφη,
512 2806 554 2840 ω
581 2790 816 2842 Καλλία·
855 2783 1157 2857 Σωκράτης
1183 2789 1285 2856 μὲν
1305 2786 1410 2857 γὰρ
1441 2787 1536 2843 ὅδε
1557 2785 1818 2858 ὁμολογεῖ
