2020 3094
211 138 279 191 70
410 210 418 211 ἶ
824 136 1303 186 ΠΛΑΤΩΝΟΣ

212 277 334 343 ἔφη.
407 272 517 327 Καὶ
539 275 771 340 δοῦλον,
812 269 884 336 ὥς
903 275 1107 341 ἔοικεν,
1144 267 1411 340 ἡγοῦνται
1432 270 1557 339 περὶ
1575 275 1831 334 πλείονος
1849 291 1882 339 η

215 356 274 412 σὲ
302 353 403 410 τὸν
432 354 588 424 υἱόν,
629 356 721 409 καὶ
751 357 1102 423 ἐπιτρέπουσι
1131 352 1197 407 τὰ
1229 353 1442 408 ἑαυτῶν
1469 358 1682 422 μᾶλλον
1709 343 1749 422 ἦ
1775 355 1881 420 σοι’,

152 449 184 490 u
217 441 307 494 καὶ
325 439 454 493 ἐῶσι
473 448 653 493 ποιεῖν
672 435 706 492 ‹‘›'
722 459 773 491 τι
791 437 1067 508 βούλεται,
1089 435 1148 490 σὲ
1169 434 1227 490 δὲ
1247 434 1647 501 διακωλύουσι;
1683 439 1779 490 καί
1792 453 1885 504 μοι

214 528 294 579 ἔτι
333 520 458 575 τόδε
496 522 625 575 εἰπέ.
665 521 725 573 σὲ
752 516 925 574 αὐτὸν
955 522 1120 575 ε’ὦσιν
1157 517 1346 589 ἄρχειν
1382 525 1648 586 σεαυτοῦ,
1684 514 1720 589 ἢ
1757 513 1887 573 οὐδὲ

215 609 378 659 τοῦτο
417 603 775 671 ἐπιτρέπουσί
807 619 919 668 σοις
955 607 1085 667 Πῶς
1119 600 1253 673 γάρ,
1298 605 1402 672 ἔφη
1417 643 1431 669 ,
1467 602 1886 670 ἐπιτρέπουσιν;

208 682 352 741 Ἀλλ’
375 684 526 756 ἄρχει
544 690 622 748 τίς
642 700 772 750 σονς
799 681 954 755 Ὅδε,
986 683 1362 754 παιδαγωγός,
1391 687 1514 753 ἔφη.
1585 687 1732 736 Μῶν
1753 685 1889 736 δοῦ-

215 774 309 831 λος
326 766 430 830 ὤν;
459 764 623 821 Ἀλλά
647 773 703 821 τί
716 766 856 837 μήν;
893 765 1152 838 ἡμέτερός
1170 789 1257 837 γε,
1294 771 1416 837 ἔφη.
1480 759 1549 820 τἩ
1574 765 1788 835 δεινόν,
1818 758 1889 835 ἦν

217 847 270 903 δ’
311 848 419 919 ἐγώ
433 890 447 919 ,
486 847 788 917 ἐλεύθερον
826 847 961 903 ὄντα
995 845 1106 904 ὑπὸ
1154 849 1363 905 δούλου
1410 847 1695 918 ἄρχεσθαι.
1741 853 1798 903 τί
1830 847 1890 902 δὲ

215 937 396 986 ποιῶν
415 923 490 984 αὖ
520 923 683 995 οὗτος
713 928 741 985 ὁ
775 931 1124 1001 παιδαγωγός
1153 948 1257 987 σου
1277 930 1458 1002 ἅρχει;
1483 930 1668 1002 ’Ἁγων
1690 930 1888 1002 δήπου,

217 1018 351 1084 ἔφη,
393 1017 468 1077 εἰς
498 1011 849 1067 διδασκάλου.
923 1019 1072 1069 Μῶν
1100 1014 1174 1085 μὴ
1195 1016 1284 1069 καὶ
1304 1006 1466 1069 οὗτοί
1479 1031 1583 1068 σου
1603 1012 1886 1083 ἄρχουσιν,

148 1110 184 1150 D
218 1099 275 1152 οἱ
306 1094 658 1161 διδάσκαλοι;
704 1093 939 1159 Πάντως
984 1096 1178 1166 δήπου.
1249 1095 1625 1167 Παμπόλλους
1661 1092 1768 1165 ἄρα
1805 1111 1892 1148 σοι

218 1177 487 1242 δεσπότας
505 1177 596 1232 καὶ
616 1175 886 1247 ἄρχοντας
902 1176 1046 1233 ἑκών
1065 1179 1094 1234 ὁ
1116 1177 1295 1251 πατὴρ
1315 1182 1615 1250 ἐφίστησιν.
1637 1174 1759 1232 ἀλλ’
1784 1170 1895 1245 ἆρα

216 1258 442 1315 ἐπειδᾶν
482 1263 670 1315 οἴκαδε
705 1262 872 1332 ἔλθῃς
908 1261 1056 1327 παρὰ
1095 1261 1199 1332 τὴν
1242 1266 1476 1334 μητέρα,
1517 1265 1695 1332 ἐκείνη
1732 1276 1794 1315 σε
1830 1263 1893 1332 ἐᾷ

217 1352 397 1397 ποιεῖν
416 1340 448 1397 ὅ
468 1364 518 1396 τι
538 1338 610 1396 ἂν
627 1341 822 1413 βούλῃ,
845 1339 920 1397 ἵν’
943 1341 1085 1416 αὐτῇ
1104 1345 1371 1415 μακάριος
1388 1339 1471 1418 ᾖς,
1491 1341 1527 1415 ἢ
1547 1340 1754 1415 περὶτὰ
1775 1345 1894 1411 ἔρια

217 1419 254 1492 ἦ
273 1426 399 1492 περὶ
417 1421 516 1479 τὸν
534 1423 719 1492 ἱστόν,
752 1422 888 1478 ὅταν
907 1422 1146 1499 ὑφαίνῃ;
1186 1428 1257 1484 οὔ
1272 1451 1323 1484 τι
1341 1429 1448 1499 γάρ
1469 1448 1579 1483 που
1601 1425 1894 1482 διακωλύει

218 1522 281 1561 σε
317 1502 356 1577 ἦ
389 1514 486 1578 τῆς
515 1506 737 1577 σπάθης
765 1501 803 1576 ἦ
833 1512 928 1576 τῆς
954 1513 1207 1577 κερκίδος
1237 1507 1273 1582 ἢ
1304 1508 1478 1566 ἄλλον
1505 1531 1607 1565 του
1635 1515 1750 1563 τῶν
1770 1508 1893 1574 περὶ

217 1595 646 1660 ταλασιουργίαν
665 1586 924 1658 ὀργάνων
953 1587 1241 1648 ἅπτεσθαι.
1279 1595 1368 1647 καὶ
1399 1589 1460 1657 ὃς
1487 1591 1750 1663 γελάσας,
1795 1587 1891 1644 Μὰ

219 1676 348 1741 Δία,
369 1676 474 1743 ἔφη
488 1714 503 1742 ,
527 1665 572 1726 ὦ
590 1671 913 1743 Σώκρατες,
935 1671 1004 1726 οὐ
1022 1673 1200 1743 μόνον
1217 1696 1279 1745 γε
1299 1673 1621 1743 διακωλύει,
1643 1670 1781 1727 ἀλλὰ
1802 1672 1889 1725 καὶ

160 1769 195 1808 Ε
222 1759 527 1825 τυπτοίμην
549 1750 621 1808 ἂν
641 1758 690 1809 εί
712 1751 997 1824 ἁπτοίμην.
1062 1754 1374 1824 “Ηράκλεις,
1414 1748 1484 1826 ἦν
1515 1752 1565 1810 δ’
1599 1751 1708 1824 ἐγώ
1721 1795 1734 1821 ,
1772 1758 1894 1823 μῶν

218 1837 294 1909 μή
324 1860 375 1891 τι
401 1836 667 1907 ἠδίκηκας
696 1837 796 1892 τὸν
826 1839 1032 1908 πατέρα
1061 1835 1098 1908 ἦ
1126 1836 1228 1909 τὴν
1255 1840 1488 1909 μητέρα;
1525 1834 1627 1891 Mo}
1655 1833 1748 1891 Δί’
1791 1833 1892 1889 οὐκ

218 1924 416 1990 ἔγωγε,
457 1923 575 1989 ἔφη.

359 2007 424 2058 V.
492 2000 637 2057 Ἀλλ’
661 2001 782 2058 ἀντὶ
802 2007 950 2068 τίνος
963 2001 1077 2074 μὴν
1092 2001 1238 2058 οὕτω
1259 2021 1319 2058 σε
1339 2008 1532 2067 δεινῶς
1549 2001 1892 2057 διακωλύου-

221 2101 310 2140 σιν
330 2082 631 2155 εὐδαίμονα
651 2083 790 2140 εἶναι
810 2087 902 2141 καὶ
921 2097 1099 2141 ποιεῖν
1121 2083 1154 2141 ὅ
1175 2107 1225 2140 τι
1245 2081 1317 2140 ἂν
1334 2085 1536 2158 βούλῃ,
1557 2087 1649 2140 καὶ
1669 2081 1740 2139 δι’
1762 2081 1893 2154 ἡμέ-

221 2190 319 2236 ρας
333 2165 463 2239 ὅλης
481 2171 751 2238 τρέφουσί
766 2184 826 2222 σε
847 2166 937 2222 άεί
949 2189 1025 2240 τω
1048 2167 1387 2223 δουλεύοντα
1404 2168 1495 2223 καὶ
1516 2168 1596 2223 ἑνὶ
1616 2166 1762 2239 λόγῳ
1780 2164 1896 2222 ὀλί-

220 2271 325 2320 γου
350 2242 429 2304 ὦν
448 2252 735 2320 ἐπιθυμεῖς
754 2249 920 2306 οὐδὲν
939 2257 1238 2317 ποιοῦντας
1279 2249 1420 2305 ὥστε
1448 2268 1563 2318 σοι,
1605 2247 1678 2314 ὡς
1698 2254 1893 2316 ἔοικεν,

222 2331 350 2388 οὕτε
370 2339 484 2388 τῶν
501 2334 795 2404 χρημάτων
815 2333 1100 2389 τοσούτων
1122 2333 1303 2389 ὅντων
1323 2331 1490 2389 οὐδὲν
1511 2332 1730 2403 ὄφελος,
1755 2329 1893 2385 ἄλλα

91 2429 193 2478 ,209
222 2414 424 2478 πάντες
445 2412 631 2470 αὐτῶν
652 2423 864 2486 μᾶλλον
893 2412 1215 2487 ἄρχουσινῆ
1237 2415 1335 2487 σύ,
1375 2415 1505 2471 οὔτε
1524 2421 1626 2470 τοῦ
1645 2414 1896 2484 σώματος

224 2495 371 2552 οὕτω
390 2503 652 2567 γενναίου
672 2498 850 2568 ὄντος,
871 2497 1011 2554 ἄλλα
1031 2501 1121 2554 καὶ
1140 2504 1306 2554 τοῦτο
1328 2498 1494 2563 ἄλλος
1512 2501 1788 2566 ποιμαίνει
1807 2496 1895 2549 καὶ

223 2580 548 2648 θεραπεύει·
589 2580 659 2634 σὺ
693 2580 751 2635 δὲ
784 2580 965 2651 ἄρχεις
990 2579 1250 2650 οὐδενός,
1291 2574 1336 2635 ὦ
1353 2579 1527 2650 Λύσι,
1567 2577 1696 2634 οὐδὲ
1726 2588 1897 2640 ποιεῖς

223 2659 392 2717 οὐδὲν
413 2684 493 2716 ων
512 2665 812 2732 ἐπιθυμεῖς.
886 2662 972 2718 Οὐ
993 2663 1099 2733 γάρ
1121 2684 1235 2734 πω,
1275 2668 1379 2733 ἔφη
1394 2705 1408 2730 ,
1444 2659 1662 2731 ἡλικίαν
1681 2663 1812 2729 ἔχω,
1854 2651 1898 2712 ὦ

221 2743 534 2814 Σώκρατες.
574 2744 671 2814 Μή
690 2742 758 2797 οὐ
776 2744 943 2800 τοῦτό
964 2762 1041 2815 σε,
1066 2768 1108 2800 ω
1129 2756 1232 2800 παι
1244 2743 1665 2814 Δημοκράτους,
1686 2741 1894 2812 κωλύῃ,

222 2827 335 2881 ἐπεὶ
356 2827 419 2883 τό
435 2848 498 2897 γε
515 2825 775 2897 τοσόνδε,
814 2824 886 2891 ὡς
904 2829 1135 2899 ἐγςόμαι,
1176 2828 1267 2883 καὶ
1296 2824 1324 2882 ὁ
1355 2825 1534 2881 πατὴρ
1556 2827 1646 2880 καὶ
1663 2822 1697 2895 ἡ
1720 2824 1895 2894 μήτηρ
