2020 3094
261 128 329 178 52
860 116 1339 178 ΠΛΑΤΩΝΟΣ

401 268 524 318 Σῼ.
580 267 711 318 Νῦν
731 259 780 316 δ’
807 254 881 315 αὖ
899 261 1067 315 πάλιν
1086 260 1268 331 φαμὲν
1285 264 1460 317 έκεῖνο
1481 260 1541 318 τὸ
1563 263 1808 334 αἰσχρόν,
1830 265 1932 334 τὴν

261 345 483 418 ἄφρονα
502 349 831 415 καρτέρησιν
846 386 860 412 ,
882 341 1146 414 ἀνδρείαν
1166 341 1318 398 εἶναι.

400 437 518 485 ΛΑ.
572 430 863 499 Ἐοίκαμεν.

403 517 526 567 Σῼ.
588 517 787 575 Καλῶς
807 504 912 565 οὖν
931 527 1019 564 σοι
1039 512 1316 580 δοκοῦμεν
1335 514 1540 580 λέγειν;

402 600 518 648 ΛΑ.
573 590 675 648 Μὰ
695 590 796 648 τὸν
814 589 927 660 Δί’,
955 584 998 646 ὦ
1017 591 1337 661 Σώκρατες,
1356 594 1475 662 ἐμοὶ
1492 592 1593 663 μὲν
1613 591 1696 647 οὔ.

400 680 533 730 XXI,
605 679 731 730 ΣΩ.
787 670 905 729 Οὐκ
938 672 1047 745 ἄρα
1077 694 1187 728 που
1216 671 1353 728 κατὰ
1383 671 1483 730 τὸν
1512 672 1616 730 σὸν
1634 675 1804 745 λόγον
1823 678 1934 729 δω-

197 771 229 810 Ε
261 757 402 827 ριστὶ
429 753 759 828 ἡρμόσμεθα
794 755 899 825 ἐγώ
919 777 976 810 τε
1004 755 1096 809 καὶ
1124 753 1223 825 σύ,
1264 748 1309 809 ὦ
1328 755 1533 826 Λάχης·
1575 756 1642 811 τὰ
1672 754 1779 827 γὰρ
1801 760 1932 825 ἔργα

263 835 332 893 οὐ
355 841 644 909 ξυμφωνεῖ
666 835 796 908 ἡμῖν
824 849 935 901 τοῖς
962 837 1158 905 λόγοις.
1199 839 1340 910 ἔργῳ
1367 835 1468 906 μὲν
1495 836 1629 908 γάρ,
1667 835 1739 902 ὡς
1770 840 1931 906 ἔοικε,

262 925 397 991 φαίη
418 919 490 975 ἄν
509 942 590 985 τις
607 917 749 991 ἡμᾶς
769 918 1024 989 ἀνδρείας
1043 921 1312 990 μετέχειν,
1343 920 1489 994 λόγῳ
1509 918 1582 991 δ’,
1619 919 1691 986 ὡς
1710 913 1929 994 ἐγῷμαι,
1999 968 2002 970 ,

260 1000 362 1057 οὐκ
384 1000 484 1072 ἄν,
509 1007 559 1057 εἰ
574 1009 684 1057 νῦν
702 1000 861 1073 ἡμῶν
880 1000 1135 1057 ἀκούσειε
1154 1003 1571 1072 διαλεγομένων.

401 1090 519 1138 ΛΑ.
580 1082 945 1154 Ἀληθέστατα
966 1087 1151 1152 λέγεις.

399 1170 524 1220 ΣΩ.
583 1170 652 1220 Τί
682 1159 812 1230 οὖν;
852 1170 1006 1221 δοκεῖ
1034 1161 1208 1219 καλὸν
1244 1163 1383 1220 εἶναι
1420 1164 1596 1230 οὕτως
1631 1164 1774 1237 ἡμᾶς
1811 1170 1931 1221 δια-

260 1255 507 1314 κεῖσθαι;

396 1334 515 1384 AA.
580 1328 718 1385 Οὐδ’
744 1328 1071 1386 ὁπωστιοῦν.

396 1417 522 1467 ΣΩ.
574 1412 778 1468 Βούλει
813 1407 918 1468 οὖν
959 1406 1003 1488 ᾧ
1040 1419 1270 1486 λέγομεν
1299 1413 1626 1485 πειθώμεθα
1655 1413 1717 1468 τό
1747 1434 1809 1482 γε
1838 1434 1931 1467 το-

257 1509 488 1559 σουτον;

396 1581 512 1630 ΛΛ.
576 1575 650 1630 Τὸ
672 1587 833 1630 ποῖον
853 1575 919 1647 δὴ
947 1583 1109 1632 τοῦτο
1123 1620 1138 1648 ,
1165 1578 1257 1632 καὶ
1276 1582 1382 1632 τίνι
1401 1577 1605 1650 τούτςιη

147 1673 230 1718 194
398 1663 521 1713 252.
585 1664 672 1729 Τῷ
695 1658 842 1730 λόγῳ
863 1656 924 1723 ὃς
952 1672 1242 1732 καρτερεῖν
1259 1660 1487 1716 κελεύει.
1529 1665 1580 1716 εί
1598 1655 1705 1717 οὗν
1721 1661 1931 1733 βούλει,

256 1741 350 1797 καὶ
378 1738 534 1811 ἡμεῖς
562 1741 650 1796 ε’πὶ
679 1747 744 1812 τῇ
774 1742 989 1812 ζητήσει
1020 1743 1382 1814 ἐπιμείνωμέν
1395 1764 1454 1797 τε
1473 1744 1563 1798 καὶ
1583 1744 1933 1815 καρτερήσω-
2012 1795 2020 1816 ,Ι

257 1844 386 1893 μεν,
424 1825 517 1877 ἵνα
546 1824 636 1876 καὶ
654 1820 726 1892 μὴ
750 1821 910 1894 ἡμῶν
941 1823 1080 1895 αὕτη
1114 1823 1147 1896 ἡ
1180 1823 1406 1895 ἀνδρεία
1435 1825 1806 1896 καταγελάσῃ,
1848 1823 1933 1880 ὅτι
2014 1846 2020 1863 ⁴

258 1901 362 1960 οὐκ
392 1902 661 1974 ἀνδρείως
692 1903 869 1976 αὐτὴν
899 1911 1193 1978 ζητοῦμεν,
1234 1911 1284 1961 εἰ
1310 1903 1418 1976 ἀρα
1448 1906 1708 1972 πολλάκις
1738 1905 1929 1978 αὐτὴὴ
2011 1932 2020 1985 ‚²

253 1989 574 2057 καρτέρησίς
595 1988 742 2041 ἐστιν
760 1985 1003 2057 ἀνδρεία.

2013 1877 2020 1922 ἒ

395 2074 513 2124 ΛΑ.
566 2067 699 2138 Ἐγώ
720 2069 822 2140 μὲν
840 2071 1071 2141 ἕτοιμος,
1093 2064 1137 2126 ὦ
1159 2070 1470 2140 Σώκρατες,
1493 2068 1565 2141 μὴ
1588 2075 1932 2140 προαφίστα-

257 2161 420 2208 σθαι·
463 2157 562 2208 καί
574 2172 659 2207 τοι
690 2150 875 2224 ἀήθης
903 2153 959 2223 γ’
991 2157 1097 2224 εἰμὶ
1127 2161 1239 2209 τῶν
1259 2153 1527 2209 τοιούτων
1545 2152 1751 2223 λόγων·
1795 2150 1932 2208 ἀλλά

255 2241 335 2298 τίς
359 2255 423 2304 με
463 2234 555 2289 καὶ
584 2240 894 2304 φιλονεικία
927 2241 1118 2306 εἴληφε
1148 2233 1287 2303 πρὸς
1315 2233 1383 2290 τὰ
1413 2235 1699 2305 εἰρημένα,
1738 2235 1829 2290 καὶ
1861 2232 1932 2299 ὠς
2016 2266 2020 2295 3

198 2336 230 2375 Β
259 2314 483 2387 ἀληθῶς
502 2314 823 2387 ἀγανακτῶ,
845 2321 894 2372 εί
911 2314 1112 2372 οὑτωσὶ
1132 2314 1168 2372 ὁὶ
1187 2323 1300 2371 νοῶ
1319 2313 1392 2388 μὴ
1414 2311 1528 2381 οἷός
1544 2312 1594 2370 τ’
1619 2319 1724 2387 εἰμὶ
1744 2320 1928 2371 εἰπεῖν.

256 2409 410 2452 νοεῖν
427 2398 529 2467 μὲν
545 2395 652 2469 γὰρ
675 2402 856 2468 ἔμοιγε
877 2402 1024 2453 δοκῶ
1044 2400 1168 2468 περὶ
1188 2397 1445 2468 ἀνδρείας
1473 2395 1506 2453 ὅ
1529 2419 1580 2452 τι
1609 2402 1785 2468 ἔστιν,
1828 2396 1930 2453 οὐκ
2012 2415 2020 2438 2

259 2478 380 2534 οῖδα
420 2476 472 2533 δ’
513 2477 623 2551 ὅπῃ
659 2501 727 2550 με
758 2479 882 2548 ἄρτι
918 2483 1207 2551 διέφυγεν,
1250 2478 1389 2535 ὥστε
1419 2478 1493 2550 μὴ
1529 2482 1817 2550 ξυλλαβεῖν
1853 2485 1930 2551 τῷ
2018 2488 2020 2490 ’

259 2559 407 2633 λόγῳ
427 2557 604 2630 αὐτὴν
622 2563 713 2615 καὶ
733 2566 904 2617 εἰπεῖν
923 2561 957 2617 ὅ
976 2584 1026 2617 τι
1047 2568 1210 2618 ἔστιν.

399 2647 526 2698 ΣΩι.
580 2640 825 2714 Οὐκοῦν,
850 2637 895 2698 ὦ
912 2651 1053 2714 φίλε,
1073 2641 1174 2699 τὸν
1195 2641 1414 2713 ἀγαθὸν
1433 2646 1739 2713 κυνηγέτην
1765 2664 1928 2713 μετα-

256 2733 385 2780 θεῖν
402 2724 503 2796 χρὴ
525 2728 615 2781 καὶ
634 2726 706 2797 μὴ
731 2725 957 2782 ἀνιέναι.

396 2814 513 2862 ΛΑ.
568 2808 894 2863 Παντάπασι
915 2807 1016 2878 μὲν
1037 2800 1157 2862 οὖν.
