2020 3094
0 148 2 162 ’
80 177 140 222 33
646 165 1192 215 ΕΥΘΥΛΗΜΟΣ.
1655 157 1754 211 121

81 302 295 375 βούλει·
315 302 533 359 ἅπαντα
553 299 659 371 γὰρ
681 298 966 371 ὁμολογεῖς
983 300 1326 354 ἐπίστασθαι.
1386 296 1595 368 Ἔοικα,
1615 299 1758 367 ἔφην

81 385 216 456 ἐγώ,
243 384 534 455 ἐπειδήπερ
556 404 618 453 γε
638 381 903 452 οὐδεμίαν
921 384 1027 451 ἔχει
1052 380 1292 450 δύναμιν
1309 377 1370 434 τὸ
1391 375 1427 432 ἃ
1447 380 1755 448 ἐπίσταμαι,

79 468 259 522 πάντα
277 466 336 522 δὲ
355 469 657 535 ἐπίσταμαι.
698 463 928 520 Οὐκοῦν
946 464 1036 519 καὶ
1056 460 1139 518 ἀεὶ
1161 459 1518 533 ὡμολόγηκας
1536 463 1758 516 ἐπίστα-

81 555 216 603 σθαι
250 548 458 620 τούτῳ,
497 540 543 621 ᾦ
581 550 889 615 ἐπίστασαι,
927 553 1034 601 εἴτε
1071 543 1209 599 ὅταν
1245 545 1434 615 ἐπίστῃ
1472 549 1579 598 εἴτε
1608 540 1758 607 ὅπως

79 630 297 700 βούλει·
334 628 419 684 ἀεὶ
447 627 555 698 γὰρ
587 626 946 698 ωμολόγηκας
965 628 1292 682 ἐπίστασθαι
1313 629 1402 681 καὶ
1422 623 1535 696 ἅμα
1557 623 1754 679 πάντα.

80 717 251 782 δῆλον
270 704 404 781 οὖν,
436 707 521 764 ὅτι
540 712 631 765 καὶ
650 721 776 773 παῖς
797 731 876 763 ων
894 706 1132 779 ἠπίστω,
1163 708 1254 762 καὶ
1275 704 1361 761 ὅτ’
1384 709 1635 777 ἐγίγνου,
1666 707 1752 762 καὶ
1793 713 1824 752 D

0 849 1 854 ,
82 791 167 849 ὅτ’
187 792 392 863 ἐφύου·
435 792 526 847 καὶ
556 793 688 861 πρὶν
714 788 880 854 αὐτὸς
908 791 1201 860 γενέσθαι,
1240 791 1330 843 καὶ
1350 791 1482 858 πρὶν
1507 785 1756 857 οὐρανὸν

0 898 2 910 ¹
82 878 166 932 καὶ
193 882 299 946 γῆν
317 878 605 944 γενέσθαι,
647 870 856 943 ἠπίστω
889 893 1133 941 απαντα,
1173 878 1324 941 εἴπερ
1352 868 1436 924 αεὶ
1455 872 1752 925 ἐπίστασαι.

85 960 167 1013 καὶ
186 959 276 1011 ναὶ
294 955 369 1026 μα
387 961 498 1011 Δία
510 959 652 1026 ,ἔφη
665 996 681 1025 ,
712 952 878 1018 αὐτὸς
900 952 983 1009 ἀει
1003 952 1278 1023 ἐπιστήσει
1297 953 1388 1008 καὶ
1408 949 1654 1021 α’παντα,
1685 945 1756 1003 α“ν

83 1036 183 1109 ἐγώ
202 1037 503 1109 βούλωμαι.

216 1124 393 1174 xxm
465 1116 622 1174 Ἀλλα
645 1122 1006 1189 βουληθείης,
1027 1110 1100 1187 ἦν
1120 1114 1173 1170 δ’
1196 1115 1333 1186 ἐγώ,
1358 1118 1399 1170 ὠ
1422 1119 1755 1185 πολυτίμητε

83 1201 411 1272 Εὐθύδημε,
450 1205 500 1256 εἰ
515 1200 582 1271 δὴ
601 1222 676 1254 τω
697 1198 814 1256 ὅντι
830 1198 1018 1270 αληθῆ
1036 1201 1223 1269 λέγεις.
1257 1196 1379 1253 αλλ’
1401 1195 1471 1252 οὔ
1494 1214 1581 1253 σοι
1602 1196 1755 1251 πάνυ

79 1283 317 1339 πιστεύω
347 1285 523 1355 ἱκανῷ
553 1280 717 1351 εἶναι,
757 1285 807 1336 εἰ
830 1281 905 1352 μή
933 1287 1058 1351 [σοι]
1090 1284 1509 1351 συμβουληθείη
1543 1275 1571 1334 ὁ
1591 1276 1755 1333 ἀδελ-

77 1365 182 1434 φός
203 1383 307 1420 σου
330 1362 516 1420 οὑτοσὶ
535 1362 964 1430 Διονυσόδωρος
981 1382 991 1393 ·
1023 1359 1169 1416 οὕτω
1190 1361 1325 1432 τάχα
1345 1361 1431 1416 ἄν.
1457 1368 1676 1416 εἴπετον
1695 1362 1758 1414 δέ

74 1467 197 1517 μοι,
235 1439 307 1517 ἦν
336 1442 388 1500 δ’
422 1444 554 1515 ἐγώ·
594 1442 659 1498 τὰ
689 1443 791 1514 μὲν
818 1441 924 1514 γὰρ
955 1442 1094 1499 ἅλλα
1114 1441 1217 1499 οὐκ
1239 1448 1343 1513 ἔχω
1363 1439 1494 1513 ὑμῖν
1511 1447 1628 1506 πῶς
1648 1439 1748 1511 ἆμ-
1786 1446 1819 1487 Ε

76 1532 429 1599 φισβητοίην,
469 1523 646 1590 οὕτως
678 1529 753 1590 εἰς
787 1531 992 1596 σοφίαν
1026 1525 1391 1593 τερατώδεσιν
1409 1521 1754 1592 ἀνθρώποις,

75 1609 225 1674 ὅπως
263 1608 332 1665 οὐ
366 1607 548 1664 πάντα
583 1609 903 1677 ἐπίσταμαι,
945 1606 1129 1677 ἐπειδὴ
1178 1605 1334 1677 ὑμεῖς
1381 1607 1543 1675 φατέ·
1590 1602 1657 1659 τὰ
1695 1603 1755 1659 δὲ

75 1692 257 1747 τοιάδε
276 1696 394 1755 πῶς
414 1696 504 1760 φῶ
521 1691 877 1759 ἐπίστασθαι,
899 1686 1234 1760 Εὐθύδημε,
1260 1685 1333 1752 ὥς
1353 1690 1410 1742 οἰ
1424 1685 1628 1756 ἀγαθοὶ
1649 1684 1768 1741 ἄν·χ

75 1776 200 1842 δοες
227 1770 415 1828 αδικοί
440 1776 568 1834 είσι;
606 1774 739 1840 φέρε
770 1772 912 1842 εἰπέ,
952 1777 1114 1826 τοῦτο
1146 1765 1487 1840 ἐπίσταμαιῆ
1508 1766 1612 1824 οὐκ
1635 1769 1754 1824 ἐπί-

74 1872 299 1925 σταμαι;
328 1853 642 1910 Ἐπίστασαι
677 1856 890 1924 μέντοι,
929 1857 1048 1924 ἔφη.
1130 1858 1220 1918 Τί;
1260 1846 1330 1923 ἦν
1363 1849 1414 1907 δ’
1449 1853 1572 1921 ἐγώ.
1634 1847 1754 1905 Ὅτι

73 1935 176 1991 ούκ
196 1934 382 1991 α’δικοί
396 1940 535 1992 εἰσιν
555 1938 610 1991 ol
626 1934 846 2006 αγαθοί.
885 1935 1051 1991 Πανυ
1071 1957 1132 2005 γε
1146 1977 1161 2006 ,
1199 1927 1272 2005 ἦν
1292 1931 1343 1990 6'
1382 1933 1488 2004 ἐγώ
1501 1974 1516 2003 ,
1557 1933 1751 1988 παλαι·

73 2015 198 2072 ἄλλ’
229 2015 299 2073 ού
327 2024 490 2073 τοῦτο
526 2020 737 2088 ἐρωτω
777 2016 898 2074 ἀλλ’
939 2040 1011 2083 ως
1050 2016 1236 2072 αδικοί
1270 2021 1409 2072 εἰσιν
1439 2019 1495 2071 οἱ
1527 2013 1750 2085 ἀγαθοί,
1782 2022 1868 2072 297

74 2105 184 2154 ποῦ
206 2098 311 2170 ἐγώ
331 2106 494 2155 τοῦτο
525 2104 766 2171 ἔμαθον;
804 2098 1101 2170 Οὐδαμοῦ,
1123 2104 1227 2170 ἔφη
1253 2095 1281 2154 ὁ
1303 2097 1751 2168 Διονυσόδωρος.

76 2178 196 2237 Ούκ
214 2180 320 2250 ἄρα
341 2183 656 2253 ἐπίσταμαι,
679 2187 849 2252 ἔφην,
870 2188 1035 2237 τοῦτο
1056 2179 1175 2251 ἐγώ.
1214 2185 1580 2250 Διαφθείρεις
1594 2221 1607 2248 ,
1627 2183 1752 2250 ἔφη,

73 2261 172 2319 τὸν
193 2262 388 2336 λόγον,
427 2262 455 2319 ὁ
488 2261 832 2334 Εὐθύδημος
863 2263 1002 2330 πρὸς
1030 2260 1130 2317 τὸν
1156 2261 1622 2332 Διονυσόδωρον,
1661 2261 1753 2316 καὶ

74 2344 379 2415 φανήσεται
406 2341 595 2400 οὐτοσὶ
616 2342 719 2400 οὐκ
750 2343 1137 2415 ἐπιστάμενος,
1180 2345 1271 2397 καὶ
1302 2343 1616 2413 ἐπιστήμων
1640 2341 1752 2413 ἅμα

56 2422 152 2483 ‘div
179 2428 270 2482 καὶ
301 2424 704 2496 ἀνεπιστήμων.
744 2427 834 2482 καὶ
870 2423 899 2481 ὁ
921 2424 1356 2493 Διονυσόδωρος
1385 2422 1749 2496 ἠρυθρίασεν.

68 2504 224 2564 Ἀλλὰ
245 2508 344 2577 σύ,
375 2500 448 2579 ἦν
468 2504 518 2562 δ’
544 2507 678 2578 ἐγώ,
709 2513 824 2572 πῶς
845 2510 1043 2577 λέγεις,
1075 2501 1119 2562 ὦ
1139 2505 1476 2577 Εὕθύδημε;
1515 2504 1584 2561 οὐ
1606 2509 1762 2561 δοκεῖ

71 2607 158 2645 σοι
177 2587 366 2659 ὀρθῶς
383 2588 622 2659 ἁδελφὸς
653 2592 831 2659 λέγειν
851 2587 880 2645 ὁ
909 2589 1089 2645 πάντα
1121 2588 1306 2655 εἰδωςς
1343 2586 1604 2658 Ἀδελφὸς
1623 2588 1744 2659 γάρ,
1784 2595 1815 2636 Β

71 2676 205 2742 ἔφη,
243 2670 349 2742 ἐγώ
382 2677 491 2741 εἰμι
514 2670 891 2741 Εὐθυδήμου,
934 2670 1069 2742 ταχύ
1090 2668 1393 2742 ὑπολαβών
1413 2668 1442 2725 ὁ
1465 2670 1750 2728 Διονυσό-

74 2756 277 2822 δωρος;
310 2749 462 2822 κάγώ
482 2751 889 2820 εἷπον,”Εασον,
914 2746 958 2808 ὦ
986 2750 1147 2822 ’γαθέ
1158 2794 1172 2822 ,
1194 2752 1296 2816 ἕως
1315 2747 1386 2806 ἄν
1406 2750 1752 2822 Εὐθύδημός

69 2854 137 2900 με
163 2834 385 2905 διδάξῃ,
416 2831 490 2898 ὡς
513 2836 800 2900 ἐπίσταμαι
820 2831 949 2897 τούς
970 2831 1221 2904 ἀγαθοὺς
1240 2831 1448 2901 ἄνδρας
1468 2831 1552 2888 ὅτι
1573 2831 1758 2887 ἄδικοί
