1994 3100
169 93 238 143 20
774 89 1244 138 ΠΛΑΤΩΝΟΣ

179 229 245 282 Εἰ
259 218 365 280 οὖν
381 247 429 278 τι
451 224 709 294 εὕροιμεν
727 226 926 293 μεῖζον,
950 219 982 275 ὃ
1000 227 1113 276 τῶν
1127 221 1227 292 μὲν
1245 222 1511 292 μειζόνων
1532 223 1642 278 ἐστὶ
1660 227 1841 292 μεῖζον

173 307 263 363 καὶ
284 308 510 375 ἑαυτοῦ,
536 299 614 360 ὦν
636 307 693 360 δὲ
712 298 881 359 τᾶλλα
901 307 1059 373 μείζω
1080 305 1190 359 ἐστὶ
1210 303 1444 375 μηδενὸς
1462 309 1647 375 μεῖζον
1662 347 1675 374 ,
1697 315 1838 359 πάν-

102 403 133 445 C
170 411 276 453 τως
313 391 378 458 δὴ
413 386 484 441 ἄν
513 407 622 442 που
651 386 826 441 ἐκεῖνό
856 384 913 454 γ’
958 383 1108 459 αὐτῷ
1143 383 1409 456 ὑπάρχοι,
1449 394 1600 458 εἴπερ
1641 388 1841 443 ἑαυτοῦ

169 474 351 541 μεῖζον
372 477 470 539 εἰή,
493 469 582 523 καὶ
600 471 826 523 ἔλαττον
846 468 1047 522 ἑαυτοῦ
1068 465 1227 522 εἶναι·
1267 463 1303 538 ἢ
1323 466 1393 522 οὔ
1406 492 1420 535 ;
1459 465 1643 539 Πολλὴ
1665 468 1840 538 ἀνάγ-

170 574 252 621 κη,
283 557 416 622 ἔφη,
452 544 494 604 ὦ
521 549 829 620 Σώκρατες.
911 546 1139 604 Οὐκοῦν
1163 550 1254 604 καὶ
1275 556 1329 605 εἴ
1351 571 1402 604 τι
1422 548 1712 604 διπλάσιόν
1732 552 1843 603 ἐστι

169 640 281 687 τῶν
301 654 356 687 τε
370 631 554 688 ἄλλων
572 636 874 687 διπλασίων
890 632 979 687 καὶ
997 633 1212 698 ἑαυτοῦ,
1234 628 1468 702 ἡμίσεως
1489 629 1668 701 δήπου
1687 629 1846 694 ὄντος

173 715 374 769 ἑαυτοῦ
405 735 463 769 τε
492 715 582 769 καὶ
611 720 723 769 τῶν
753 712 939 768 ἄλλων
968 712 1260 767 διπλάσιον
1279 707 1349 766 ἂν
1369 719 1476 782 εἴη·
1521 709 1589 766 οὐ
1607 711 1714 781 γάρ
1736 712 1851 766 ἐστί

172 817 283 851 που
301 795 475 852 ἄλλου
495 796 786 850 διπλάσιον
804 791 840 865 ἢ
862 791 1110 865 ἡμίσεως.
1166 791 1387 864 Ἀληθῆ.
1442 799 1644 848 Πλεῖον
1664 791 1723 848 δὲ
1741 789 1845 847 αὑ-

170 883 271 933 τοῦ
303 874 371 933 ὂν
401 875 469 932 οὐ
497 879 587 931 καὶ
618 881 847 932 ἔλαττον
876 879 1050 945 ἔσται,
1084 875 1174 930 καὶ
1196 875 1507 946 βαρύτερον
1535 870 1603 930 ὂν
1631 873 1846 943 κουφό-

171 979 362 1030 τερον,
400 960 490 1015 καὶ
519 957 897 1029 πρεσβύτερον
925 952 993 1011 ὂν
1021 957 1321 1027 νεώτερον,
1359 958 1450 1012 καὶ
1476 949 1646 1011 τᾶλλα
1666 955 1845 1010 πάντα

115 1061 147 1100 1)
175 1038 464 1111 ὡσαύτως,
503 1039 535 1096 ὅ
561 1047 614 1095 τί
641 1060 741 1108 περ
775 1035 847 1094 ἂν
875 1037 976 1110 τήν
1007 1040 1208 1095 ἑαυτοῦ
1237 1039 1476 1109 δύναμιν
1511 1037 1651 1105 πρὸς
1685 1034 1845 1094 ἑαυτὸ

171 1127 289 1194 ἔχῃ,
328 1118 396 1176 οὐ
431 1124 521 1178 καὶ
548 1124 764 1192 ἐκείνην
787 1122 892 1186 ἕξει
913 1121 1014 1191 τὴν
1035 1118 1248 1191 οὐσίαν,
1263 1119 1407 1220 πρὸς
1437 1117 1507 1191 ἢν
1544 1117 1578 1189 ἡ
1616 1118 1851 1195 δύναμις-

172 1202 347 1258 αὐτοῦ
367 1197 467 1274 ἠως
502 1206 644 1274 λέγω
664 1202 723 1259 δε
741 1203 801 1258 τὸ
822 1201 1063 1258 τοιόνδε·
1107 1197 1227 1257 οἷον
1246 1199 1279 1273 ἡ
1301 1200 1437 1272 άκοή
1451 1244 1464 1269 ,
1504 1203 1711 1271 φαμέν,
1743 1198 1845 1255 οὐκ

173 1284 346 1340 άλλου
381 1281 533 1349 τινὸς
563 1278 634 1355 ἦν
670 1282 809 1353 άκοὴ
848 1279 884 1354 ἦ
922 1289 1138 1353 φωνῆς
1176 1276 1212 1353 ἦ
1250 1283 1383 1352 γάρ;
1421 1287 1550 1338 Ναί.
1621 1279 1847 1337 Οὐκοῦν

173 1375 325 1436 εἰπερ
364 1364 502 1436 αὐτὴ
553 1363 721 1436 αὑτῆς
770 1363 1092 1433 ἀκούσεται,
1143 1362 1340 1435 φωνὴν
1386 1364 1616 1435 ἐχούσης
1654 1364 1846 1433 ἑαυτῆς

173 1445 493 1502 ἀκούσεται·
528 1445 597 1502 οὐ
617 1448 721 1519 γὰρ
743 1443 815 1502 ἄν
834 1445 1013 1511 ἄλλως
1033 1444 1339 1502 ἀκούσειεν.
1407 1442 1594 1515 Πολλὴ
1615 1442 1844 1514 ἀνάγκη.

172 1530 281 1584 Καὶ
299 1526 333 1599 ἡ
355 1527 479 1594 ὄψις
498 1532 563 1598 γε’
579 1550 714 1597 που,
755 1523 798 1584 ὦ
829 1527 1013 1597 ἄριστε
1028 1570 1043 1598 ,
1088 1536 1239 1597 εἴπερ
1259 1527 1450 1594 ὄψεται
1467 1524 1604 1597 αὐτὴ
1625 1525 1846 1595 ἑαυτήν,

111 1628 145 1668 Ε
175 1612 367 1682 χρῶμά
386 1634 437 1666 τι
456 1609 633 1683 αὐτὴν
653 1609 867 1681 ἀνάγκη
887 1614 1027 1680 ἔχειν
1041 1631 1052 1642 ·
1075 1607 1261 1680 ἄχρων
1281 1609 1387 1680 γὰρ
1407 1607 1531 1676 ὄψις
1551 1606 1717 1663 οὐδὲν
1737 1602 1847 1676 [ἂν]

174 1691 249 1764 μή
281 1713 410 1747 ποτε
439 1696 545 1764 ἴδῃ.
618 1690 704 1747 Ου’
735 1691 840 1763 γὰρ
873 1686 993 1747 οὖν.
1052 1689 1216 1764 Ὁρᾷς
1252 1686 1383 1762 οὖν,
1424 1685 1467 1746 ὦ
1503 1695 1728 1760 Κριτία,
1767 1686 1850 1744 ὅτι

173 1774 278 1829 ὅσα
310 1774 747 1845 διεληλύθαμεν,
786 1773 852 1829 τὰ
885 1773 986 1844 μὲν
1024 1771 1211 1829 αὐτῶν
1247 1771 1495 1828 ἀδύνατα
1533 1770 1847 1827 παντάπασι

174 1863 428 1927 φαίνεται
460 1853 620 1928 ἡμῖν,
654 1854 721 1911 τά
752 1855 807 1911 δ’
838 1855 1139 1911 ἀπιστεῖται
1168 1857 1386 1927 σφόδρα
1415 1855 1489 1926 μή
1511 1851 1635 1910 ποτ’
1657 1849 1727 1908 ἂν
1746 1850 1848 1922 τὴν

174 1942 386 1996 ἑαυτῶν
417 1939 657 2011 δύναμιν
691 1939 829 2010 πρὸς
861 1937 1027 1995 ἑαυτὰ
1054 1950 1231 2010 σχεῐν;
1269 1940 1479 2010 μεγέθη
1513 1936 1614 2008 μὲν
1631 1934 1737 2007 γόιρ
1758 1938 1848 1990 καὶ

175 2022 363 2092 πλήθη
401 2023 491 2077 καὶ
528 2020 594 2076 τὰ
631 2029 857 2078 τοιαῦτα
895 2022 1245 2077 παντάπασιν
1284 2019 1591 2076 ἀδύνατον·
1626 2014 1662 2090 ἢ
1700 2016 1848 2088 οὐχί;

175 2102 339 2158 Πάνυ
366 2125 445 2174 γε.
513 2101 672 2173 Ἀκοὴ
711 2101 762 2158 δ’
804 2097 878 2157 αὖ
907 2104 996 2159 καὶ
1032 2103 1155 2171 ὄψις
1183 2106 1273 2159 καὶ
1304 2108 1380 2159 ἔτι
1397 2125 1459 2174 γε
1480 2107 1690 2172 κίνησις
1710 2099 1846 2171 αὐτὴ

177 2183 618 2255 ἑαυτὴνκινεϊν,
656 2187 746 2240 καὶ
783 2185 1059 2256 θερμότης
1095 2192 1298 2255 καίειν,
1337 2187 1428 2242 καὶ
1464 2185 1642 2239 πάντα
1678 2177 1751 2238 αὖ
1782 2182 1848 2238 τὰ

63 2280 146 2326 169
181 2272 407 2322 τοιαῦτα
434 2279 546 2331 τοῖς
565 2267 667 2337 μὲν
683 2265 940 2323 ἀπιστίαν
959 2264 1031 2323 ἂν
1049 2268 1320 2339 παράσχοι
1333 2311 1347 2338 ,
1371 2276 1501 2331 ἴσως
1521 2270 1584 2321 δέ
1596 2282 1739 2321 τισιν
1760 2264 1844 2321 οὔ.

173 2350 417 2419 μεγάλου
443 2350 510 2420 δή
528 2371 704 2419 τινος,
746 2343 790 2403 ὦ
809 2356 963 2420 φίλε,
1003 2349 1205 2421 ἀνδρὸς
1225 2355 1331 2416 δεῖ,
1363 2349 1511 2413 ὅστις
1529 2355 1691 2403 τοῦτο
1711 2345 1846 2402 κατὰ

174 2430 397 2486 πάντων
430 2435 634 2495 ἱκαναῖς
664 2432 1025 2503 διαιρήσεται,
1065 2432 1302 2534 πότερον
1333 2431 1498 2488 οὐδὲν
1525 2436 1636 2485 τῶν
1668 2428 1848 2486 ὄντων

173 2514 277 2586 τὴν
299 2513 472 2570 αυτοῦ
495 2515 733 2585 δύναμιν
753 2514 886 2571 αὐτὸ
910 2513 1050 2586 πρὸς
1072 2514 1231 2571 εαυτό
1251 2518 1501 2586 πέφυκεν
1520 2517 1662 2583 ε’χειν
1684 2511 1847 2583 [πλὴν

174 2598 516 2668 ἐπιστήμης],
555 2596 693 2652 αλλὰ
715 2597 852 2666 πρὸς
871 2598 1034 2665 ἄλλο,
1074 2621 1106 2668 η
1128 2620 1194 2652 τα
1215 2600 1344 2668 μέν,
1382 2619 1447 2650 τα
1472 2594 1524 2650 δ’
1558 2594 1651 2651 οὔ·
1691 2595 1783 2649 καὶ
1802 2597 1853 2649 εἰ

176 2684 324 2734 ἔστιν
345 2683 415 2733 αὐ
439 2679 599 2735 ἅτινα
619 2679 758 2734 αυτοὶ
781 2680 918 2751 πρὸς
937 2678 1103 2736 ἑαυτα
1124 2684 1257 2751 ἔχει,
1277 2673 1370 2747 ἆρ’
1391 2681 1453 2733 ἐν
1471 2676 1684 2740 τούτοις
1703 2678 1848 2730 ἐστὶν

174 2761 458 2833 ἐπιστήμη,
479 2758 549 2831 ἣν
575 2760 689 2831 δὴ’
661 2774 812 2832 ημεῑς
832 2762 1206 2832 σωφροσύνην
1225 2783 1407 2831 φαμεν
1427 2759 1581 2816 εἶναι.
1618 2756 1722 2830 ε’γω
1748 2780 1850 2828 μεν
