2020 3094
198 0 1366 42 **·⁷·*=z⁷=?,W-v-v·-w‹-wwmw>
1599 0 1624 10 r
1653 0 1702 7 ··*-
1766 0 1773 11 ·

127 156 192 203 67
683 150 738 196 11
747 149 846 197 ΡΩ
866 151 963 198 TA
975 151 1026 197 Γ
1033 149 1075 198 Ο
1089 150 1187 197 ΡΑ
1196 152 1255 196 Σ.
1712 147 1814 200 155

134 306 223 339 ται
242 281 366 339 οὐδ’
388 285 776 353 ἐπιμελοῦνται
795 289 980 338 πᾶσαν
1001 285 1339 353 ἐπιμέλειαν;
1370 287 1596 338 οἴεσθαί
1609 304 1671 353 γε
1688 283 1810 355 χρή,

136 360 184 421 ὦ
201 365 511 433 Σώκρατες.

275 453 388 504 XV.
453 445 539 502 Ἐκ
577 451 792 503 παίδων
824 453 1076 517 σμικρῶν
1104 444 1401 518 ἀρξάμενοι
1414 489 1429 518 ,
1461 450 1615 517 μέχρι
1636 440 1810 517 οὗπερ

128 525 170 584 ἆ
174 550 206 583 ν
225 533 372 598 ζῶσι,
394 531 483 584 καὶ
501 529 826 584 διδάσκουσι
838 530 927 583 καὶ
949 534 1335 584 νουθετοῦσιν.
1359 526 1583 584 ἐπειδᾶν
1601 534 1813 584 θάττον

131 618 301 683 συνιῇ
318 634 397 676 τις
415 610 481 665 τὰ
513 610 810 680 λεγόμενα,
850 613 940 666 καὶ
972 609 1179 681 τροφὸς
1197 613 1286 666 καὶ
1304 611 1481 682 μήτηρ
1502 612 1594 667 καὶ
1612 614 1813 666 παιδα-

131 692 312 763 γωγὸς
330 695 420 747 καὶ
440 690 604 757 αὐτὸς
623 691 652 747 ὁ
675 690 854 763 πατὴρ
876 695 998 761 περὶ
1019 694 1222 748 τούτου
1242 693 1626 765 διαμάχονται,
1660 692 1811 757 ὅπως
1841 703 1875 743 D

129 777 409 846 βέλτιστος
429 779 579 830 ἔσται
600 771 628 828 ὁ
647 786 800 845 παῖς,
823 773 955 845 παρ’
978 776 1213 830 ἕκαστον
1233 778 1323 830 καὶ
1342 780 1506 844 ἔργον
1525 778 1615 830 καὶ
1639 774 1810 845 λόγον

132 856 486 921 διδάσκοντες
504 858 595 912 καὶ
614 858 1029 927 ἐνδεικνύμενοι
1043 900 1056 925 ,
1095 854 1180 911 ὅτι
1198 854 1258 912 τὸ
1279 855 1382 927 μὲν
1401 860 1641 928 δίκαιον,
1664 855 1724 912 τὸ
1748 857 1808 913 δὲ

130 938 345 1010 ἄδικον,
366 940 458 995 καὶ
477 939 604 995 τόδε
623 939 725 1009 μὲν
744 938 933 1008 καλόν,
955 940 1018 994 τό
1025 944 1083 994 δε
1104 942 1163 994 δὲ
1182 939 1428 1010 αἰσχρόν,
1450 941 1541 994 καὶ
1560 938 1685 994 τόδε
1706 941 1808 1009 μὲν

126 1020 315 1089 ὅσιον,
344 1021 471 1076 τόδε
492 1021 551 1077 δὲ
573 1018 834 1092 ἀνόσιον,
866 1020 1040 1077 καὶτὰ
1059 1021 1159 1092 μὲν
1179 1028 1348 1090 ποίει,
1378 1020 1442 1077 τά
1465 1021 1524 1077 δὲ
1542 1021 1615 1094 μὴ
1638 1027 1782 1076 ποίει
1796 1042 1807 1052 ·

131 1103 222 1158 καὶ
239 1101 338 1158 ἐὰν
357 1101 459 1173 μὲν
478 1102 622 1159 ἑκῶν
640 1109 923 1174 πείθηται·
971 1108 1021 1158 εἰ
1047 1103 1105 1158 δὲ
1134 1101 1237 1173 μή,
1279 1101 1464 1174 ῶσπερ
1497 1103 1667 1168 ξύλον
1686 1107 1808 1158 δια-

129 1185 513 1256 στρεφόμενον
543 1187 629 1240 καὶ
664 1186 1055 1256 καμπτόμενον
1085 1182 1432 1240 εὐθύνουσιν
1451 1181 1697 1250 ἀπειλαῖς
1715 1186 1806 1240 καὶ

129 1273 375 1337 πληγαῖς.
415 1266 550 1338 μετά
582 1268 640 1323 δὲ
669 1273 844 1322 ταῦτα
873 1271 948 1331 εἰς
967 1266 1315 1322 διδασκάλων
1333 1267 1641 1337 πέμποντες
1659 1265 1802 1322 πολὺ

127 1355 342 1420 μᾶλλον
367 1351 714 1405 ἐντέλλονται
743 1352 1122 1421 ἐπιμελεῖσθαι
1142 1347 1438 1421 εὐκοσμίας
1455 1355 1570 1404 τῶν
1589 1352 1808 1404 παίδων

125 1426 164 1502 ἦ
182 1430 518 1501 γραμμάτων
537 1453 594 1486 τε
614 1433 705 1487 καὶ
721 1436 1078 1501 κνθαρίσεως·
1100 1434 1159 1487 οἰ
1173 1433 1232 1486 δὲ
1252 1431 1572 1486 διδάσκαλοι
1588 1429 1805 1486 τούτων
1841 1443 1872 1483 E

127 1534 186 1567 τε
219 1514 636 1583 ἐπιμελοῦνται,
674 1515 764 1569 καὶ
802 1512 1027 1569 ἐπειδᾶν
1057 1507 1130 1567 αὖ
1159 1514 1453 1584 γράμματα
1471 1512 1696 1584 μάθωσι
1714 1515 1806 1569 καὶ

127 1596 361 1666 μέλλωσι
381 1595 646 1665 συνήσειν
666 1594 731 1650 τὰ
748 1597 1117 1665 γεγραμμένα,
1139 1593 1324 1663 ὥσπερ
1340 1594 1461 1650 τότε
1471 1593 1574 1665 τὴν
1587 1595 1804 1667 φωνήν,

128 1677 531 1743 παρατιθέασιν
576 1674 762 1740 αὐτοῖς
808 1677 894 1731 ἐπὶ
942 1683 1053 1731 τῶν
1088 1675 1325 1747 βάθρων
1367 1675 1806 1746 ἀναγιγνώσκειν

128 1765 372 1830 ποιητῶν
391 1756 627 1830 ἀγαθῶν
646 1759 919 1829 ποιήματα
947 1760 1042 1814 καὶ
1061 1759 1436 1828 ἐκμανθάνειν
1457 1756 1805 1827 ἀναγκάζου-

123 1857 245 1909 σιν,
266 1842 325 1895 ἐν
344 1837 424 1905 οἷς
448 1842 644 1897 πολλαὶ
663 1840 764 1911 μὲν
782 1841 1143 1911 νουθετήσεις
1162 1846 1344 1911 ἔνεισι,
1366 1841 1563 1897 πολλαὶ
1582 1840 1640 1896 δὲ
1665 1843 1807 1906 διέξ-
1834 1849 1923 1895 326
2008 1837 2013 1842 ”

124 1924 245 1976 οδοι
273 1924 362 1978 καὶ
383 1927 600 1977 ἔπαινοι
629 1924 719 1978 καὶ
753 1922 996 1993 ἐγκώμια
1026 1929 1277 1979 παλαιῶν
1302 1921 1528 1992 ἀνδρῶν
1546 1920 1798 1993 άγαθῶν,

123 2005 216 2058 ἵνα
255 1999 286 2059 ὁ
323 2014 452 2068 παῖς
488 2007 664 2074 ζηλῶν
698 2010 923 2075 μιμῆται
960 2006 1049 2059 καὶ
1079 2002 1336 2076 ὀρέγηται
1364 2010 1614 2069 τοιοῦτος
1641 2005 1801 2075 γενέ-

123 2090 274 2139 σθαι.
313 2086 371 2140 οἳ
392 2081 441 2139 τ’
476 2078 549 2139 αὖ
578 2093 923 2154 κιθαρισταί,
962 2089 1118 2156 ἔτερα
1136 2093 1389 2157 τοιαῦτα,
1427 2085 1801 2157 σωφροσύνης

125 2186 180 2220 τε
210 2167 593 2236 ἐπιμελοῦνται
622 2171 713 2224 καὶ
742 2169 892 2234 ὅπως
923 2166 995 2225 ἂν
1022 2173 1079 2226 οἰ
1093 2173 1207 2227 νέοι
1228 2169 1402 2242 μηδὲν
1419 2174 1800 2239 κακουργῶσι·

125 2246 264 2316 πρὸς
286 2247 344 2304 δὲ
364 2250 608 2320 τούτοις,
646 2251 867 2308 ἐπειδὰν
887 2257 1191 2323 κιθαρίζειν
1210 2253 1498 2324 μάθωσιν,
1525 2250 1711 2307 ἄλλων
1728 2244 1802 2306 αὖ

123 2336 366 2401 ποιητῶν
403 2328 639 2401 ἀγαθῶν
677 2334 949 2405 ποιήματα
982 2336 1307 2390 διδάσκουσι
1344 2341 1686 2405 μελοποιῶν,
1728 2338 1805 2399 εἰς
1833 2342 1865 2384 Β

122 2410 188 2467 τά
208 2419 577 2483 κιθαρίσματα
598 2417 956 2487 ἐντείνοντες,
979 2418 1070 2473 καὶ
1090 2415 1220 2483 τούς
1239 2415 1496 2488 ῥυθμούς
1515 2437 1573 2471 τε
1593 2418 1684 2473 καὶ
1705 2414 1803 2480 τὰς

122 2491 387 2565 ἁρμονίας
403 2493 813 2565 ἀναγκάζουσιν
830 2502 1177 2553 οἰκειοῦσθαι
1196 2509 1311 2562 ταῖς
1331 2508 1527 2568 ψυχαῖς
1543 2503 1657 2552 τῶν
1672 2502 1802 2553 παί-

122 2578 264 2647 δων,
283 2579 375 2631 ἵνα
391 2574 735 2648 ἡμερώτεροί
747 2600 802 2634 τε
826 2572 926 2634 ὦσι
939 2620 955 2649 ,
988 2581 1079 2635 καὶ
1098 2576 1504 2650 εὐρυθμότεροι
1523 2580 1613 2635 καὶ
1633 2576 1799 2649 εὐαρ-

125 2658 445 2729 μοστότεροι
463 2660 784 2731 γιγνόμενοι
804 2660 1059 2732 χρήσιμοι
1090 2654 1227 2716 ὦσιν
1248 2666 1323 2726 εἰς
1343 2660 1404 2716 τὸ
1426 2664 1610 2732 λέγειν
1630 2683 1687 2716 τε
1708 2662 1800 2716 καὶ

125 2740 405 2807 πράττειν·
444 2750 549 2807 πᾶς
575 2741 683 2813 γὰρ
714 2741 743 2798 ὁ
773 2749 892 2814 βίος
921 2748 1022 2798 τοῦ
1057 2739 1372 2813 ἀνθρώπου
1402 2742 1712 2814 εὐρυθμίας
1741 2764 1799 2798 τε

125 2822 215 2877 καὶ
238 2820 599 2895 εύαρμοστίας
630 2828 813 2883 δεῖται.
856 2829 931 2880 ἔτι
961 2830 1154 2881 τοίνυν
1186 2825 1324 2894 πρὸς
1341 2824 1557 2891 τούτοις
1577 2831 1652 2890 εἰς
1673 2846 1801 2880 παι-
