2020 3094
242 0 743 30 m-wv—m*
759 0 995 35 ''³:³⁷1‘17‘
1028 0 1122 38 '5⁷⁷2-
1224 0 1236 23 -“
1300 10 1324 22 ·»

76 147 135 192 65
620 136 785 185 ΠΡΩ.
806 136 1190 185 ΤΑΓΟΡΑΣ.
1656 135 1756 187 153

79 291 171 330 σιν
186 295 198 305 ·
240 270 360 330 οἷον
383 270 513 337 τούς
532 269 793 342 αἰσχροὺς
812 266 849 341 ἦ
866 267 1135 341 σμικρούς
1153 264 1189 340 ἦ
1208 265 1462 334 ἀσθενεῖς
1482 275 1561 335 τίς
1580 269 1756 336 οὕτως

79 355 338 428 ἀνόητος,
378 354 516 410 ω”στε
555 376 604 409 τι
642 354 858 410 τούτων
887 355 1176 423 ἐπιχειρεῖν
1206 363 1412 420 ποιεῖν;
1449 358 1622 408 ταῦτα
1653 352 1754 423 μὲν

76 437 203 508 γάρ,
226 436 402 509 οἶμαι,
438 445 624 493 ἴσασιν
649 434 734 492 ὅτι
764 433 932 506 φύσει
950 456 1008 490 τε
1036 435 1126 490 καὶ
1145 434 1282 507 τύχῃ
1303 445 1412 499 τοῖς
1432 431 1755 502 ἀνθρώποις

74 525 343 591 γίγνεται,
376 517 441 575 τὰ
467 517 607 575 καλά’
628 520 716 573 καὶ
740 515 1003 573 τάναντία
1021 517 1238 580 τούτοις
1252 536 1263 547 ·
1295 514 1399 572 ὅσα
1419 518 1476 572 δὲ
1495 518 1549 581 ἐξ,
1567 518 1755 586 ἐπιμε-

73 607 220 667 λείας
238 603 327 658 nal
348 600 631 673 ἀσκήσεως
649 604 739 656 καὶ
771 603 993 671 διδαχῆς
1021 608 1231 656 οἴονται
1250 605 1539 670 γίγνεσθαι
1563 596 1749 669 άγαθά

0 726 4 740 ,ψ
78 680 428 753 ἀνθρώποις,
447 682 546 737 ἐάν
563 704 642 747 τις
659 689 833 737 ταῦτα
852 680 926 753 μὴ
954 687 1046 755 ἔχῃ
1060 724 1074 746 ‚
1096 680 1235 737 ἀλλὰ
1255 680 1517 737 τάναντία
1536 680 1752 736 τούτων
1784 696 1817 737 Ε

0 771 1 774 ’
74 765 218 820 κακά
234 807 250 836 ,
270 765 356 821 ἐπὶ
375 765 594 830 τούτοις
612 785 723 820 που
742 768 798 820 οἳ
813 786 869 820 τε
889 766 1063 835 θυμοὶ
1082 769 1366 835 γίγνονται
1385 766 1475 818 καὶ
1501 766 1560 818 αἱ
1581 763 1754 818 κολά-

78 865 191 911 σεις
219 850 308 903 καὶ
341 851 401 902 αι’
429 848 804 918 νουθετήσεις.
845 841 926 903 ὦν
953 848 1102 903 ἐστὶν
1132 849 1194 902 ἓν
1221 847 1311 902 καὶ
1343 844 1374 917 ἡ
1404 845 1589 901 ἀδικία
1608 843 1751 916 καὶὴ

76 929 295 1003 ἇσέβεια
325 931 416 986 καὶ
445 930 764 1001 συλλήβδην
794 936 909 984 πᾶν
945 927 1007 985 τὸ
1050 931 1304 985 ἐναντίον
1341 935 1436 999 τῆς
1472 934 1754 998 πολιτικῆς
1780 939 1865 984 324

73 1012 290 1082 ἀρετῆς·
310 1017 450 1068 ἔνθα
471 1014 503 1066 δ
509 1009 535 1082 ὴ
561 1017 667 1076 πᾶς
685 1013 848 1068 παντὶ
866 1019 1150 1083 θυμοῦται
1170 1014 1259 1068 καὶ
1281 1019 1554 1082 νουθετεῖ,
1578 1015 1749 1083 δῆλον

18 1091 20 1094 ’
70 1093 155 1150 ὅτι
177 1091 250 1159 ως
269 1096 323 1159 ἐξ
344 1095 648 1164 ἐπιμελείας
679 1095 770 1150 καὶ
799 1095 1095 1166 μαθήσεως
1125 1101 1320 1166 κτητῆς
1351 1091 1535 1164 οὔσης.
1576 1098 1626 1149 εἰ
1640 1091 1747 1163 γὰρ

0 1247 1 1252 ¹
70 1178 278 1240 ἐθέλεις
293 1177 551 1246 ἐννοῆσαι
571 1173 631 1231 τὸ
650 1176 915 1248 κολάζειν,
940 1170 983 1232 <5
1001 1176 1312 1248 Σώκρατες,
1334 1175 1465 1241 τούς
1483 1174 1748 1231 άδικοῦν-

0 1286 5 1331 J
71 1281 168 1323 τας
184 1265 242 1314 τί
255 1279 386 1314 ποτε
409 1257 670 1329 δύναται,
693 1257 830 1316 αὐτό
850 1276 911 1315 σε
932 1261 1164 1331 διδάξει,
1196 1258 1279 1316 ὅτι
1303 1263 1434 1331 οἵγε
1457 1258 1751 1329 ἄνθρωποι

71 1338 339 1411 ἡγοῦνται
358 1339 820 1411 παρασκευαστὸν
851 1341 990 1398 εἶναι
1022 1341 1241 1414 ἀρετήν.
1282 1341 1464 1407 οὐδεὶς
1501 1340 1608 1412 γὰρ
1651 1362 1749 1396 κο-

72 1422 219 1490 λα’ζει
253 1421 384 1487 τούς
421 1420 753 1489 ἀδικοῦντας
789 1423 928 1494 πρὸς
966 1425 1143 1499 τούτῳ
1182 1426 1282 1480 τόν
1317 1430 1460 1480 νοῦν
1489 1428 1629 1496 ἔχων
1658 1423 1749 1480 καὶ

70 1505 276 1562 τούτου
293 1507 471 1574 ἕνεκα,
494 1504 580 1561 ὅτι
604 1504 893 1578 ἠδίκησεν,
915 1505 1063 1572 ὅστις
1087 1505 1160 1578 μὴ
1181 1505 1367 1576 ὥσπερ
1388 1512 1592 1579 θηρίον
1612 1504 1746 1561 άλο-
1771 1517 1805 1558 Β

69 1593 268 1659 γίστως
297 1600 633 1658 τιμωρεῖται·
672 1586 700 1643 6
722 1590 792 1645 ’δὲ
823 1588 956 1660 μετὰ
989 1588 1162 1659 λόγου
1190 1591 1478 1659 ἐπιχειρῶν
1498 1586 1748 1654 κολάζειν

73 1668 143 1725 οὐ
173 1676 275 1726 τοῦ
302 1671 756 1742 παρεληλυθότος
786 1672 948 1726 ἕνεκα
978 1669 1311 1742 ἀδικήματος
1340 1682 1652 1741 τιμωρεῖται
1681 1681 1775 1708 -·’

3 1763 5 1767 ’
71 1749 142 1807 οὐ
161 1750 266 1823 γὰρ
287 1775 359 1807 αν
378 1753 439 1808 τό
460 1775 521 1822 γε
542 1751 842 1824 πραχθὲν’
810 1755 1083 1825 αγένητον
1101 1759 1226 1824 θείη
1252 1788 1318 1795 -
1338 1751 1475 1808 ἄλλα
1495 1759 1598 1808 τοῦ
1617 1755 1748 1823 με’λ-

68 1840 264 1899 λοντος
292 1835 481 1905 χάριν,
516 1838 608 1890 ἵνα
637 1835 711 1906 μὴ
743 1829 915 1900 αὖθις
945 1833 1180 1907 ἀδικήσῃ
1214 1834 1346 1906 μήτε
1384 1834 1550 1900 αὐτὸς
1588 1836 1750 1899 οὗτος

0 1935 1 1953 ἢ
72 1915 206 1987 μήτε
226 1914 391 1981 ἄλλος
410 1914 440 1971 6
461 1923 664 1973 τοῦτον
684 1915 822 1973 ίδών
841 1920 1211 1973 κολασθεκντα
1234 1918 1324 1972 καὶ
1345 1915 1608 1987 τοιαύτην
1628 1917 1749 1971 διά-

70 2018 235 2053 νοιαν
259 2002 399 2069 ἔχων
431 2002 727 2055 διανοεῖται
761 1998 1061 2071 παιδευτὴν
1082 1998 1221 2055 εἶναι
1241 1998 1442 2071 ἀρετήν
1459 2020 1470 2030 ·
1509 1996 1750 2067 ἀποτρο-

0 2129 5 2137 .
71 2086 178 2151 πῆς
205 2086 350 2150 γοῦν
376 2082 539 2138 ἕνεκα
570 2081 797 2148 κολάζει.
836 2083 1046 2153 ταύτην
1075 2075 1181 2137 οὖν
1210 2082 1311 2153 τὴν
1349 2083 1517 2148 δόξαν
1549 2080 1750 2145 πάντες

71 2167 320 2233 ἔχουσιν,
378 2161 606 2235 ὅσοιπερ
650 2169 1020 2236 τιμωροῦνται
1060 2167 1150 2220 καὶ
1194 2168 1304 2237 ἰδίᾳ
1347 2164 1437 2219 καὶ
1485 2167 1745 2236 δημοσίᾳ·
1780 2171 1812 2215 G

0 2257 5 2284 *·
74 2250 447 2314 τιμωροῦνται
484 2246 541 2303 δὲ
581 2248 673 2303 καὶ
712 2247 1035 2313 κολάζονται
1075 2250 1215 2302 οἵτε
1260 2246 1416 2302 ἄλλοι
1452 2245 1747 2316 ἅνθρωποι

2 2347 5 2363 1
74 2323 175 2391 οὕς
216 2322 289 2382 ἄν
335 2334 558 2384 οἴωνται
606 2327 847 2398 ἀδικεῖν,
903 2332 993 2385 καὶ
1039 2328 1140 2400 οὐχ
1188 2328 1387 2400 ἥκιστα
1433 2326 1744 2400 Ἀθηναῖοι,

71 2411 129 2466 οἱ
154 2411 240 2464 σοὶ
261 2416 500 2466 πολῖται·
543 2409 682 2467 ὥστε
716 2411 853 2467 κατὰ
886 2418 1088 2467 τοῦτον
1118 2412 1216 2467 τὸν
1246 2411 1418 2482 λόγον
1449 2413 1538 2466 καὶ
1576 2408 1749 2481 Ἀθη-

0 2492 5 2561 ξ
71 2496 225 2547 νατοί
265 2496 368 2548 είσι
413 2498 529 2548 τῶν
576 2491 905 2564 ἡγουμένων
950 2491 1411 2564 παρασκευαστόν
1462 2492 1603 2550 εἶναι
1653 2495 1745 2549 καὶ

0 2626 3 2637 ,
27 2609 29 2617 =
71 2573 332 2630 διδακτὸν
353 2573 568 2648 ἀρετήν.
615 2574 688 2641 ὥς
706 2577 808 2645 μὲν
830 2569 935 2632 οὖν
956 2576 1179 2641 εἰκότως
1199 2574 1560 2647 ἀποδέχονται
1585 2578 1641 2631 οί
1657 2576 1745 2631 σοὶ

26 2679 29 2705 ;
71 2661 286 2711 πολῖται
305 2659 394 2713 καὶ
414 2660 656 2729 χαλκέως
677 2660 766 2714 καὶ
789 2659 1138 2730 σκυτοτόμου
1157 2656 1643 2731 συμβουλεύοντος
1680 2654 1747 2712 τᾶ

27 2780 30 2786 ,
71 2737 351 2807 πολιτικά,
390 2741 479 2796 καὶ
511 2738 590 2796 ὅτι
634 2739 896 2797 διδακτὸν
933 2742 1023 2796 καὶ
1061 2737 1523 2805 παρασκευαστόν
1538 2736 1744 2811 ἡγοῦν·
