2020 3094
57 77 121 161 ‘43
652 109 1199 159 ΕΤΘΥΔΗΜΟΣ.
1637 107 1729 160 131

64 241 207 300 λοντ’
220 242 492 314 α’ργύριον
507 243 741 312 διδόναι,
754 243 844 299 καὶ
861 242 987 298 οὔτε
1001 242 1176 313 φύσιν
1190 239 1318 298 οὔθ’
1329 240 1549 314 ἡλικίαν
1567 248 1736 312 ἐξείρ-

62 348 183 396 γειν
218 323 484 395 οὐδεμίαν
523 360 582 367 -
625 323 657 380 ὃ
695 325 752 381 δὲ
791 326 881 381 καὶ
918 327 1004 381 σοὶ
1030 325 1264 397 μάλιστα
1284 326 1547 398 προσήκει
1566 325 1736 382 ἀκοῦ-

62 427 179 479 σαι,
210 406 296 464 ὅτι
312 405 563 463 οὐδὲτοῦ
581 411 1013 479 χρηματίζεσθαί
1023 427 1204 478 φατον
1222 407 1551 463 διακωλύειν
1571 407 1738 464 οὐδέν

87 524 125 532 -
164 488 238 560 μὴ
276 487 346 544 οὐ
385 495 724 559 παραλαβεῖν
758 487 1024 545 ὁντινοῦν
1054 486 1292 554 εὐπετῶς
1329 487 1434 561 τὴν
1463 498 1738 560 σφετέραν

60 578 279 640 σοφίαν.

202 658 309 708 ΚΡ.
367 653 475 707 Καὶ
496 650 624 722 μήν,
646 645 692 706 ὦ
711 651 1024 720 Σώκρατες,
1048 651 1314 723 φιλήκοος
1333 653 1434 723 μὲν
1457 658 1626 723 ἔγωγε
1645 655 1735 710 καὶ

28 799 30 803 y
64 732 234 804 ἡδέως
250 733 323 788 ἄν
343 756 394 787 τι
412 732 775 804 μανθάνοιμι,
796 734 1108 789 κινδυνεύω
1125 738 1313 804 μέντοι
1328 735 1482 805 κάγώ
1504 731 1578 800 εἷς
1597 734 1735 791 εἶναι

62 821 172 870 τῶν
191 811 290 884 οὐχ
309 812 519 884 ὁμοίων
537 813 893 887 Εὐθυδήμῳ,
926 813 1040 871 ἀλλ’
1062 819 1316 886 ἐκείνων,
1347 809 1429 871 αἷν
1458 819 1524 888 δὴ
1548 820 1640 873 καὶ
1661 817 1732 873 σὺ

27 955 29 960 ,
64 902 265 965 ἔλεγες,
307 904 421 952 τῶν
449 895 611 967 ἥδιον
643 893 717 950 ἄν
736 899 1162 967 ἐξελεγχομένων
1193 895 1301 953 ὑπὸ
1325 905 1436 953 τῶν
1463 898 1731 954 τοιούτων

67 980 240 1048 λόγων
257 976 294 1050 ἦ
313 979 720 1049 ἐξελεγχόντων.
768 977 909 1047 ἆτὰρ
929 986 1148 1047 γελοῖον
1177 982 1279 1051 μέν
1308 1002 1402 1050 μοι
1424 984 1580 1036 δοκεῖ
1593 979 1731 1036 εἶναι

61 1059 117 1117 e6
141 1068 433 1116 νουθετεῖν
451 1078 539 1125 σε,
571 1059 720 1130 ὅμως
740 1062 826 1130 δέ,
848 1058 884 1114 ἅ
903 1059 946 1130 γ’
971 1060 1207 1132 ἤκουον,
1246 1064 1422 1117 ἐθέλω
1444 1079 1531 1117 σοι
1551 1060 1731 1131 ἄπαγ-

59 1149 243 1215 γεῖλαι.
292 1164 406 1196 των
435 1139 526 1210 ἀφ’
549 1138 764 1211 ὑμων’
736 1142 1015 1196 απιόντων
1043 1141 1153 1198 ἴσθ’
1176 1142 1261 1198 ὅτι
1291 1144 1624 1212 προσελθων
1650 1150 1730 1208 τίς

55 1244 149 1280 aon
168 1230 586 1293 περιπατοῦντι,
605 1221 748 1294 ἀνὴρ
769 1223 1021 1294 οἰόμενος
1039 1226 1190 1280 πάνυ
1212 1225 1352 1281 εἶναι
1372 1226 1547 1297 σοφός
1561 1270 1575 1293 ,
1596 1225 1729 1281 τού-

58 1325 167 1360 των
186 1325 264 1367 τις
280 1309 396 1358 τῶν
413 1306 535 1373 περὶ
555 1303 684 1367 τούς
706 1305 907 1374 λόγους
926 1305 1054 1372 τοὺς
1085 1312 1161 1371 εἰς
1179 1305 1242 1362 τοὶ
1267 1308 1584 1379 δικαστήρια
1618 1312 1730 1362 δεν-

28 1410 34 1444 1
55 1392 199 1457 νῶν,
229 1379 294 1441 Ὠ
312 1392 562 1458 Κρίτων,
607 1391 712 1457 ἔφη
728 1430 743 1454 ,
785 1386 950 1442 οὐδὲν
970 1386 1147 1461 ἀκροᾷ
1167 1394 1344 1444 ταῖνδε
1372 1396 1487 1444 τῶν
1506 1396 1728 1459 σοφῶνς

57 1466 144 1524 Οὐ
169 1490 244 1539 μα
277 1468 376 1523 τόν
405 1476 542 1532 Δια,
578 1463 653 1539 ἦν
685 1467 736 1524 δ’
760 1470 898 1538 ἐγώ·
938 1468 1007 1525 ού
1038 1469 1145 1540 γὰρ
1178 1468 1292 1536 οἷός
1321 1469 1361 1527 τ’
1383 1464 1422 1542 ἦ
1450 1470 1729 1539 προσστὰς

51 1551 384 1607 κατακούειν
422 1550 528 1606 ὑπὸ
566 1558 668 1606 τοῦ
707 1551 889 1636 ὄχλου.
972 1556 1080 1610 Καὶ
1126 1554 1264 1625 μήν,
1317 1559 1422 1626 ἔφη
1438 1598 1453 1623 ,
1487 1554 1644 1621 αξιόν
1679 1553 1723 1624 γ’

53 1627 127 1704 ἦν
145 1630 392 1688 ἀκοῦσαι.
440 1640 508 1688 Τι’
524 1637 608 1700 ὃε’;
639 1629 711 1704 ἦν
718 1619 782 1689 δ’
811 1635 932 1705 ἐγώ.
960 1635 1076 1691 Ἰνα
1096 1635 1340 1707 ἤκουσας
1360 1636 1583 1737 ἄνδρων
1604 1642 1724 1692 δια·
1779 1651 1790 1663 ’

51 1718 391 1786 λεγομένων,
434 1720 491 1770 οἳ
506 1722 615 1770 νῦν
633 1717 952 1786 σοφώτατοί
968 1724 1070 1773 εἰσι
1103 1741 1216 1774 των
1246 1722 1370 1789 περὶ
1390 1718 1521 1785 τούς
1540 1721 1726 1776 τοιού-

51 1818 183 1860 τους
200 1795 415 1866 λόγους.
471 1796 624 1867 κάγω
647 1797 830 1868 εἷπον,
875 1805 947 1855 Τί
959 1823 1065 1855 ουν
1095 1802 1395 1871 ἐφαίνοντό
1425 1820 1539 1868 σοις
1583 1807 1652 1857 Τί
1668 1803 1725 1858 δὲ

49 1876 216 1947 αλλο,
247 1873 283 1949 ἦ
305 1875 358 1933 δ’
380 1876 468 1946 ὃς,
499 1901 532 1950 η
514 1874 748 1947 ὀἷάπερ
771 1878 900 1935 ἆεὶ’
875 1881 947 1935 ἄν
967 1905 1047 1947 τις
1066 1889 1180 1937 τῶν
1199 1883 1469 1938 τοιούτων
1489 1881 1725 1939 ακούσαι

48 1958 374 2030 ληρούντων
409 1962 500 2015 και
544 1964 668 2029 περὶ
715 1983 784 2017 οι
767 1960 947 2028 ’δενός
984 1962 1151 2030 ἀξίων
1198 1963 1430 2031 ἀναξίαν
1469 1965 1724 2036 σπουδὴν

50 2044 429 2111 ποιουμένων;
464 2039 663 2098 οὑτωσὶ
693 2045 799 2114 γάρ
821 2066 937 2110 πως
954 2048 1044 2101 καὶ
1065 2046 1178 2102 εἷπε
1208 2060 1321 2112 τοῖς
1341 2047 1592 2119 ὀνόμασι.
1631 2051 1723 2105 καὶ

50 2123 177 2193 ἐγώ,
208 2122 367 2179 Ἀλλα
388 2147 590 2195 μεντοι,
613 2131 783 2198 ἔφην,
804 2134 991 2197 χαρίεν
1010 2131 1076 2199 γε’
1090 2152 1141 2184 τι
1162 2130 1385 2200 πρᾶγμά
1406 2133 1554 2187 ἐστιν
1577 2131 1605 2203 ἡ
1628 2154 1723 2203 φι-

47 2213 300 2275 λοσοφία.
356 2214 557 2275 Ποῖον,
593 2214 728 2280 ἔφη,
767 2218 982 2280 χαρίεν,
1015 2233 1056 2266 ω
1075 2211 1335 2281 μακάριε;
1376 2210 1605 2277 οὐδενὸς
1622 2216 1722 2283 μὲν

49 2281 155 2347 οὖν
174 2286 357 2356 ἄξιον,
391 2287 529 2343 ἄλλα
551 2292 638 2345 καὶ
662 2297 713 2347 εἰ
732 2298 840 2346 νῦν
859 2295 1197 2362 παρεγένου,
1229 2292 1379 2348 πάνυ
1399 2292 1470 2348 ἄν
1491 2312 1549 2349 σε
1573 2293 1719 2366 οἶμαι
1747 2306 1831 2353 305

45 2374 420 2440 αἰσχυνθῆναι
452 2367 592 2438 ὑπερ
623 2378 723 2426 τοῦ
754 2380 993 2427 σεαυτοῦ
1014 2375 1260 2441 ἑταίρου·
1302 2398 1480 2441 ουτως
1501 2371 1569 2449 ἦν
1589 2376 1718 2433 dito·-

45 2470 164 2517 τος.
187 2453 446 2508 ἐθέλων
419 2452 619 2507 εαυτὸν
637 2457 895 2525 παρέχειν
913 2453 1261 2526 ανθρώποις,
1284 2453 1364 2522 οἷς
1383 2456 1551 2515 οὐδεν
1569 2464 1716 2531 μέλει

48 2553 80 2591 ο
99 2555 151 2589 τι
169 2556 241 2589 αν
264 2538 490 2603 λέγωσι,
530 2536 735 2601 παντὸς
756 2540 812 2591 δε
843 2538 1082 2608 ῥήματος
1112 2536 1444 2610 ἅντέ.χονται
1503 2544 1590 2596 καὶ
1614 2534 1715 2598 οὖ-

49 2634 158 2680 τοι,
194 2613 330 2684 ὅπερ
361 2616 484 2685 ἄρτι
516 2621 734 2688 ἔλεγον,
772 2621 834 2675 ἐν
861 2630 973 2684 τοῖς
1003 2626 1309 2687 κρατίστοις
1339 2624 1439 2678 εἰσὶ
1461 2644 1573 2677 των
1592 2630 1715 2678 νῦν.

45 2692 186 2751 ἄλλα
204 2696 330 2765 γάρ,
352 2691 399 2753 ὦ
416 2703 655 2767 Κρίτων,
670 2704 793 2771 ἔφη,
817 2701 877 2756 τό
899 2707 1123 2773 πρᾶγμα
1143 2701 1279 2758 αὐτὸ
1305 2706 1394 2759 καὶ
1416 2708 1473 2760 οῖ
1487 2704 1716 2775 ἅνθρω-

43 2799 137 2835 ποι
162 2783 218 2833 οἵ
235 2782 319 2835 ἐπὶ
347 2787 425 2853 τῷ
443 2782 720 2854 πράγματι
750 2785 1121 2855 διατρίβοντες
1152 2791 1363 2856 φαῦλοί
1379 2790 1483 2840 εἰσι
1503 2787 1589 2841 καὶ
1614 2809 1713 2842 κα·-

1397 2873 1462 2921 9*
