1994 3100
35 0 553 43 3⁸⁷⁷*f--v‘flt-5ss'vwwu‘
592 0 637 17 ‘0-
666 0 738 26 ·.“··
781 0 788 6 ·
828 0 831 3 ’
916 0 920 2 ’
991 3 994 5 ·

831 131 1132 180 ΛΑΧΗΣ.
1771 122 1840 175 37

154 272 360 342 γῳδίας
379 265 607 339 ποιητὴς
626 263 750 335 παρ’
770 261 902 335 ἡμῖν
920 267 1183 334 τιμηθείς.
1239 260 1521 333 τοιγάρτοι
1548 257 1609 325 ὃς
1629 282 1701 315 αν
1720 267 1842 330 οἴη-

157 373 248 406 ται
263 352 577 423 τραγῳδίαν
596 353 778 412 καλῶς
797 357 1000 416 ποιεῖν,
1033 343 1136 401 οὐκ
1155 348 1366 411 ἔξωθεν
1385 343 1571 414 κύκλῳ
1592 342 1715 411 περὶ
1734 339 1838 413 τὴν

152 430 403 504 Ἀττικὴν
421 431 559 487 κατὰ
580 428 678 496 τὰς
697 428 868 494 ἄλλας
889 428 1075 493 πόλεις
1093 425 1541 496 ἐπιδεικνύμενος
1560 425 1904 495 περιέρχε-Β

155 538 273 587 ται,
315 513 428 571 ἀλλ’
470 511 654 578 εὐθὺς
684 516 850 581 δεῦρο
882 514 1107 582 φέρεται
1139 511 1230 566 καὶ
1258 506 1433 564 τοῖσδ’
1465 509 1840 563 ἐπιδείκνυσιν

156 598 408 663 εἰκότως·
446 594 580 661 τοὺς
600 595 658 651 δὲ
677 597 740 650 ἐν
761 591 953 658 ὅπλοις
971 593 1314 663 μαχομένους
1342 588 1448 661 ἐγώ
1469 589 1704 653 τούτους
1724 585 1842 659 ὁραῖ

155 680 257 751 τὴν
277 680 379 750 μὲν
395 681 788 748 Λακεδαίμονα
815 674 1166 747 ἡγουμένους
1185 674 1327 731 εἶναι
1345 673 1558 745 αβατον
1577 668 1731 741 ἱερὸν
1750 672 1842 726 καὶ

158 760 343 818 ούδὲ”
309 782 462 835 ακρῳ
483 761 612 816 ποδὶ
642 762 1051 830 ἐπιβαίνοντας,
1093 756 1282 830 κύκλῳ
1314 756 1372 811 δὲ
1403 753 1716 823 περιιόντας
1736 751 1842 809 αύ-

155 842 258 915 τὴν
276 847 367 899 καὶ
387 849 522 899 πᾶσι
542 848 758 913 μᾶλλον
777 841 1265 911 ἐπιδεικνυμένους
1282 881 1297 909 ,
1336 839 1429 894 καὶ
1450 836 1688 908 μάλιστα
1707 835 1842 891 τού-

156 947 270 991 τοις
289 931 346 982 οἳ
359 921 467 981 κᾶν
487 923 644 979 αὐτοὶ
664 922 1065 994 ὁμολογήσειαν
1084 920 1324 985 πολλοὺς
1353 925 1517 991 σφι-ὄν
1537 920 1842 989 προτέρους

157 1006 297 1064 εἶναι
315 1005 455 1077 πρὸς
473 1005 538 1062 τά
558 1012 663 1063 τοῦ
681 1008 940 1077 πολέμου.

299 1095 406 1147 vu.
466 1087 714 1154 ”Επειτα,
756 1082 802 1143 οἷ
836 1093 1143 1160 Λυσίμαχε,
1192 1085 1261 1143 οὐ
1300 1085 1452 1142 πάνυ
1486 1083 1693 1158 ὀλίγοις
1729 1084 1835 1156 ἐγώ
1870 1103 1900 1147 c

155 1174 374 1228 τούτων
391 1174 744 1242 παραγέγονα
770 1173 830 1228 ἐν
850 1169 1003 1245 αὐτῷ
1020 1176 1098 1245 τῷ
1117 1174 1258 1244 ἔργῳ
1271 1211 1286 1239 ,
1307 1171 1400 1225 καὶ
1421 1165 1538 1240 ὁρῶ
1556 1163 1669 1225 οἶοί
1683 1173 1838 1224 εἰσιν.

156 1258 327 1320 ἔξεστι
356 1254 417 1311 δὲ
444 1256 535 1311 καὶ
565 1252 813 1311 αὐτόθεν
837 1252 973 1326 ἡμῖν
1001 1255 1341 1320 σκέψασθαι.
1385 1250 1570 1321 ὥσπερ
1590 1250 1698 1323 γὰρ
1722 1255 1841 1308 ἐπί-

156 1341 315 1408 τηδες
350 1335 533 1403 οὐδεὶς
570 1335 774 1393 πώποτ’
817 1335 1107 1407 εὐδόκιμος
1142 1338 1374 1407 γέγονεν
1409 1336 1471 1391 ἐν
1502 1340 1583 1407 τῷ
1618 1338 1839 1408 πολέμῳ

157 1419 300 1492 ἀνὴρ
313 1427 427 1477 τῶν
447 1419 512 1477 τὰ
532 1419 784 1478 ὁπλιτικὰ
805 1418 1297 1492 ἐπιτηδευσάντων.
1335 1423 1512 1473 καίτοι
1529 1425 1604 1483 εἰς
1623 1439 1687 1488 γε
1708 1411 1842 1474 τᾶλ-

157 1510 226 1559 λα
246 1504 428 1560 πάντα
450 1507 512 1561 ἐκ
532 1505 746 1561 τούτων
765 1508 822 1560 οἰ
837 1502 1136 1575 ὀνομαστοὶ
1155 1506 1442 1572 γίγνονται
1456 1543 1471 1572 ,
1503 1503 1563 1557 ἐκ
1582 1508 1698 1557 τῶν
1721 1504 1839 1558 ἐπι-

155 1587 548 1658 τηδευσάντων
565 1588 770 1644 ἕκαστα
784 1609 795 1620 ·
835 1580 991 1643 οὗτοι
1015 1582 1088 1655 δ’,
1123 1582 1195 1649 ὡς
1212 1587 1381 1653 ἔοικε,
1420 1582 1568 1655 παρὰ
1586 1581 1718 1650 τοὺς
1736 1582 1840 1641 ἄλ-

160 1675 294 1733 λους
324 1667 470 1724 οὕτω
504 1669 725 1740 σφόδρα
755 1675 831 1735 εἰς
857 1675 1022 1726 τοῦτο
1053 1667 1541 1739 δεδυστυχήκασιν.
1599 1668 1714 1723 ἐπεὶ
1748 1668 1839 1724 καὶ

155 1758 359 1806 τοῦτον
390 1749 491 1806 τὸν
509 1758 857 1822 Στησίλεων,
896 1749 964 1808 ὃν
998 1748 1154 1823 ὑμεῖς
1189 1747 1297 1821 μετ’
1322 1751 1460 1821 ἐμοῦ
1489 1752 1552 1806 ἐν
1588 1750 1836 1825 τοσούτῳ

155 1832 301 1907 ὄχλῳ
332 1834 650 1890 ἐθεάσασθε
679 1835 1139 1906 ἐπιδεικνύμενον
1158 1830 1333 1888 καὶτὰ
1353 1832 1564 1903 μεγάλα
1585 1835 1709 1903 περὶ
1730 1831 1834 1889 αὑ-
1866 1848 1899 1889 D

154 1921 258 1971 τοῦ
285 1918 518 1986 λέγοντα
547 1914 583 1972 α’
613 1922 827 1988 ἔλεγεν,
868 1918 1101 1989 ἑτέρωθι
1130 1914 1234 1986 ἐγώ
1262 1914 1494 1972 κάλλιον
1518 1916 1836 1988 ἐθεασάμην

153 1999 217 2054 ἐν
250 2004 319 2069 τῇ
345 1996 580 2074 ἀληθείᾳ
617 1997 689 2066 ὥς
724 1998 949 2073 άληθῶς
986 2000 1445 2071 ἐπιδεικνύμενον
1481 1998 1581 2072 οὐχ
1620 1999 1832 2058 ἑκόντα.

154 2081 580 2153 προσβαλούσης
598 2082 704 2153 γὰρ
727 2090 822 2155 τῆς
841 2082 981 2149 νεώς
999 2082 1082 2155 ἐφ’
1102 2078 1142 2157 ᾗ
1159 2084 1456 2156 έπεβάτευε
1488 2084 1626 2155 πρὸς
1665 2082 1836 2142 ὁλκά-

156 2166 224 2218 δα
244 2164 386 2232 τινά,
410 2165 635 2236 ἐμάχετο
659 2170 798 2237 ἔχων
820 2170 1257 2238 δορυδρέπανον,
1280 2170 1550 2239 διαφέρον
1570 2165 1635 2240 δὴ
1659 2166 1837 2225 ὅπλον

153 2245 246 2302 ἅτε
267 2248 357 2302 καὶ
373 2245 542 2314 αὐτὸς
562 2255 674 2305 τῶν
693 2248 879 2307 ἄλλων
901 2254 1198 2322 διαφέρων.
1239 2248 1307 2306 τὰ
1325 2250 1429 2321 μὲν
1446 2244 1552 2307 οὖν
1572 2249 1710 2309 ἄλλα
1731 2249 1835 2308 ούκ

153 2328 277 2395 ἄξια
297 2331 477 2400 λέγειν
496 2332 621 2401 περὶ
638 2330 894 2403 τάνδρός,
915 2331 976 2389 τὸ
999 2336 1058 2388 δὲ
1078 2332 1326 2404 σόφισμα
1346 2331 1408 2389 τὸ
1430 2339 1531 2389 τοῦ
1551 2333 1835 2404 δρεπάνου

150 2419 253 2467 τοῦ
290 2412 427 2483 πρὸς
467 2420 535 2486 τῇ
574 2414 745 2487 λόγχῃ
783 2413 903 2472 οἷον
939 2414 1131 2488 ἀπέβη.
1186 2418 1501 2487 μαχομένου
1530 2438 1638 2488 γαρ
1659 2414 1835 2473 αὐτοῦ
1867 2431 1899 2472 Ε

152 2494 402 2566 ἐνέσχετό
433 2517 544 2552 που
571 2499 632 2552 ἐν
661 2509 772 2562 τοῖς
799 2505 894 2570 τῆς
910 2519 1051 2564 νεως
1087 2500 1309 2556 σκεύεσι
1346 2501 1436 2556 καὶ
1473 2497 1830 2572 ἀντελάβετο·

152 2571 332 2633 εἷλκεν
363 2571 470 2634 οὖν
502 2578 531 2634 ὁ
562 2586 875 2650 Στησίλεως
903 2581 1244 2654 βουλόμενος
1273 2582 1574 2654 ἀπολῦσαι,
1614 2584 1705 2639 καὶ
1730 2582 1830 2654 οὐχ

152 2654 327 2725 οἷός’
284 2682 313 2716 τ
338 2654 434 2732 ἦν
459 2659 491 2733 ἡ
513 2663 570 2719 δὲ
591 2669 730 2729 ναῦς
749 2661 852 2735 τὴν
870 2670 1014 2720 ναῦν
1034 2664 1247 2739 παρῄει.
1287 2670 1420 2732 τέως
1439 2666 1542 2738 μὲν
1560 2659 1669 2722 οὖν
1687 2686 1832 2734 παρ-

151 2746 269 2798 έθει
290 2745 352 2800 ἐν
369 2751 436 2818 τῇ
452 2750 549 2817 νηῒ
565 2744 929 2817 ἀντεχόμενος
957 2753 1058 2803 τοῦ
1091 2748 1347 2819 δόρατος·
1387 2752 1502 2806 ἐπεὶ
1523 2749 1581 2805 δὲ
1602 2748 1667 2820 δὴ
1690 2769 1832 2819 παρ-

147 2829 400 2898 ημείβετο
419 2824 455 2898 ἡ
472 2833 611 2893 ναῦς
638 2828 742 2899 τὴν
761 2835 907 2885 ναῦν
925 2831 1016 2886 καὶ
1039 2833 1244 2888 ἐπέσπα
1275 2830 1450 2888 αὐτὸν
1478 2838 1578 2889 τοῦ
1600 2832 1833 2901 δόρατος
