1962 3112
188 198 291 248 462
767 198 1288 246 ΚΛΕΙΤΟΦΩΝ.
1775 209 1859 251 100

191 343 332 400 τοῖς,
368 325 412 386 ὠ
411 335 724 417 βέλτιστοι,
747 335 917 401 ἔ,φην
935 328 1132 415 ὑμεῖς,
1140 350 1254 394 πως
1273 330 1402 386 ποτὲ
1424 337 1569 418 [νῦν]
1590 330 1859 417 αποδεχό-

190 409 336 486 μεθα
364 401 464 482 τὴν
487 401 827 467 Σωκράτους
856 400 1176 469 προτροπὴν
1201 399 1359 486 ἡμων
1386 397 1471 454 ἐπ’
1513 399 1742 470 ἀρετήν,
1787 423 1859 467 ως

191 469 351 533 ὄντος
369 469 547 539 μόνου
565 471 796 556 τούτου,
837 471 1150 534 ἐπεξελθεῖν
1183 472 1240 525 65
1262 468 1363 524 οὐκ
1386 474 1467 524 ἔνι
1486 476 1560 556 τῷ
1582 471 1859 557 πράγματι

190 562 280 594 και
309 544 498 609 λαβεῖν
534 537 667 593 αὐτὸ
699 542 922 606 τελέως,
961 536 1081 593 ἀλλ’
1113 535 1247 608 ἡμῖν
1276 561 1423 606 παρα
1453 560 1630 594 παντα
1662 540 1728 610 δὴ
1758 539 1857 595 τὸν

189 613 354 698 βίου’
334 613 499 677 έργον
515 606 658 663 τοῦτ’
679 613 844 678 ἔσται,
868 605 998 680 τοὺς
1013 609 1175 678 μήπω
1191 611 1702 695 προτετραμμένους
1721 631 1859 680 προ-

191 679 436 745 τρέπειν,
459 680 547 732 καὶ
568 680 812 742 ἐκείνους
834 680 906 731 αὐ
927 680 1169 743 ἑτέρους·
1158 721 1172 744 ,
1203 675 1238 748 ἦ
1259 682 1341 732 δεῖ
1358 677 1456 731 τὸν
1477 680 1746 764 Σωκράτη
1767 681 1858 734 καὶ

129 766 163 805 Ε
193 746 466 835 ἀλλήλους
494 747 638 837 ἡμᾶς
656 746 717 803 τὸ
741 769 872 832 μετα
894 745 1044 801 τοῦτ’
1069 750 1445 836 ἐπανερωτᾶν,
1478 746 1858 824 ὁμολογήσαν-

191 838 288 879 τας
304 815 456 869 τουτ’
481 816 615 872 αὐτὸ
639 815 922 889 ἀνθρώπω
943 820 1216 884 πρακτέον
1236 816 1399 886 εἶναι,
1420 823 1476 872 τί
1490 816 1856 872 τούντεῦθεν·
1842 859 1857 884 ,

193 906 307 948 πως
336 884 606 954 α’ρχεσθαι
636 891 752 941 δεῖν
783 888 983 972 φαμὲν
992 887 1363 970 δικαιοσύνης
1377 890 1499 956 πέρι
1535 888 1855 957 μαθήσεως;

195 953 376 1022 ὥσπερ
397 955 468 1010 α’ν
493 965 647 1019 εἴτις
677 955 818 1027 ἡμᾶς
838 954 1145 1040 προῦτρεπε
1164 963 1264 1010 τοῦ
1284 955 1532 1042 στόματος
1550 959 1859 1042 ἐπιμέλειαν

193 1033 486 1112 ποιεῖσθαι,
508 1029 682 1097 μηδὲν
702 1033 1080 1118 προνοοῦντας
1100 1023 1248 1092 ὅρων
1268 1025 1519 1112 καθαπερ
1540 1030 1762 1096 παῖδας,
1785 1024 1858 1090 ὡς

193 1097 305 1147 ἔστι
324 1116 404 1158 τις
422 1095 762 1180 γυμναστικὴ
785 1098 875 1150 καὶ
898 1095 1127 1164 ἰατρική,
1149 1095 1376 1150 κᾶπειτα
1404 1094 1641 1161 ὠνείδιζε
1662 1099 1853 1166 λέγων,

194 1159 265 1227 ὡς
294 1165 521 1235 αἰσχρὸν
551 1187 749 1232 πυρων
779 1165 879 1235 μὲν
908 1166 998 1219 καὶ
1028 1173 1245 1253 κριθων
1274 1168 1363 1220 και
1392 1164 1649 1254 ἀμπέλων
1669 1167 1855 1235 ἐπιμέ-

191 1239 344 1287 λειαν
372 1242 556 1289 πᾶσαν
584 1243 888 1301 ποιεῖσθαι,
926 1257 1016 1288 και
1047 1234 1151 1288 ὅσα
1171 1242 1271 1289 τοῦ
1289 1235 1536 1323 σώματος
1556 1237 1715 1289 ἕνεκα
1737 1239 1848 1289 δια-

191 1303 529 1395 πονούμεθα
547 1325 603 1359 τε
633 1305 723 1358 καὶ
752 1304 1036 1390 κτώμεθα,
1076 1306 1279 1359 τούτου
1309 1303 1362 1359 δ’
1395 1304 1569 1359 αὐτοῦ
1587 1309 1852 1393 μηδεμίαν

189 1372 385 1443 τέχνην
402 1374 536 1444 μηδὲ
560 1374 836 1443 μηχανήν,
869 1372 1018 1435 ὅπως
1040 1396 1110 1437 ως
1124 1378 1407 1460 βέλτιστον
1431 1379 1578 1428 ἔσται
1597 1376 1657 1429 τὸ
1680 1393 1851 1458 σωμα,

191 1442 548 1530 ἐξευρίσκειν,
587 1445 677 1497 καὶ
715 1465 885 1496 ταυτα
922 1446 1123 1497 οὖσαν·
1164 1449 1213 1498 εί
1246 1441 1296 1498 δ’
1323 1443 1726 1535 ἐπανηρόμεθα
1756 1443 1849 1498 τὸν

189 1509 349 1566 ταῦθ’
382 1511 524 1583 ἡμας
553 1515 953 1606 προτρέποντα·
992 1516 1163 1598 λέγεις
1202 1513 1258 1568 δὲ
1294 1512 1432 1568 εἶναι
1469 1520 1619 1576 τίνας
1655 1513 1850 1575 ταύτας

77 1608 161 1652 409
189 1578 285 1643 τὰς
313 1585 528 1652 τέχναςς
568 1592 717 1639 εἶπεν
749 1580 818 1636 ἄν
849 1590 979 1645 ἰσως
1010 1581 1094 1636 ὅτι
1121 1581 1462 1674 γυμναστικὴ
1497 1605 1586 1636 και
1623 1583 1850 1666 ἰατρική.

190 1651 280 1704 και
301 1659 408 1707 νῦν
429 1653 494 1724 δὴ
518 1659 639 1708 τίνα
660 1654 841 1720 φαμὲν
872 1650 1009 1706 εἶναι
1035 1650 1136 1722 τὴν
1165 1652 1252 1707 ἐπὶ
1282 1659 1350 1724 τῇ
1379 1659 1472 1722 τῆς
1494 1660 1666 1722 ψυχῆς
1688 1650 1851 1723 ἀρετῇ

187 1721 408 1792 τέχνην;
445 1725 706 1810 λεγέσθω.

328 1798 389 1849 V
450 1791 508 1848 Ο
539 1794 604 1863 δὴ
640 1797 823 1847 δοκων
851 1789 1038 1845 αὐτων
1067 1793 1535 1875 ἐρρωμενέστατος
1558 1791 1696 1847 εἶναι
1716 1789 1855 1868 πρὸς

189 1868 362 1916 ταῦτα
397 1860 835 1950 αποκρινόμενος
866 1859 981 1915 εἶπέ
1009 1883 1102 1948 μοι
1132 1862 1338 1930 ταύτην
1363 1859 1471 1944 την
1502 1865 1699 1946 τέχνην
1717 1868 1854 1915 εἰναι

188 1926 364 2018 ἤνπερ
385 1931 604 1996 ακούεις
626 1932 696 1987 σύ
715 1933 970 1998 λέγοντος
985 1970 995 1989 ,
1019 1934 1121 2000 ἔφη
1136 1973 1149 1998 ,
1169 1929 1531 1996 Σωκρατους
1553 1929 1656 1984 οὐκ
1676 1930 1851 2013 ἄλλην

188 1998 225 2070 ἤ
246 2002 621 2089 δικαιοσύνην.
664 2002 912 2063 εἰπόντος
942 1999 991 2053 δ’
1030 2003 1192 2086 εμοῦ
1231 2000 1305 2069 μή
1337 2022 1427 2067 μοι
1457 1999 1516 2053 τὸ
1548 1999 1722 2068 ὄνομα
1751 1999 1854 2069 μό-

187 2091 292 2125 νον
310 2079 488 2158 εἴπῃς.
519 2068 641 2126 αλλ’
666 2066 798 2126 εὸδε·
830 2069 1042 2154 ἰατρική
1063 2069 1172 2123 πού
1194 2091 1272 2133 τις
1291 2050 1496 2138 λέγεται
1516 2072 1701 2151 τέχνη·
1720 2070 1853 2122 ταύ-

126 2172 159 2213 Β
189 2162 293 2225 της
312 2137 364 2194 δ’
397 2142 508 2196 ἐστι
539 2139 686 2195 διττα
715 2162 782 2194 τα
815 2136 1250 2223 αποτελούμενα,
1289 2139 1349 2192 τὸ
1380 2141 1480 2224 μὲν
1519 2136 1738 2204 ἰατροὺς
1771 2136 1852 2192 αεὶ

191 2208 329 2279 πρὸς
363 2222 477 2274 τοῖς
513 2205 676 2264 οὖσιν
714 2211 929 2278 ἑτέρους
965 2208 1370 2297 ἐξεργαζεσθαι,
1418 2207 1478 2263 τὸ
1518 2210 1575 2263 δὲ
1614 2205 1850 2275 ὑγίειαν·

191 2284 304 2334 ἔστι
334 2279 392 2334 δὲ
419 2281 634 2335 τούτων
660 2279 903 2347 θατερον
934 2277 1117 2332 οὐκέτι
1143 2283 1324 2366 τέχνη,
1364 2300 1456 2347 της
1463 2283 1662 2363 τέχνης
1684 2278 1742 2331 65
1761 2284 1854 2347 τῆς

191 2350 557 2434 διδασκούσης
587 2371 644 2403 τε
673 2351 762 2404 καὶ
792 2350 1184 2436 διδασκομένης
1217 2352 1410 2433 ἔργον,
1456 2345 1486 2400 6
1520 2344 1583 2417 δὴ
1622 2348 1854 2416 λέγομεν

190 2416 430 2505 ὑγίειαν
452 2442 543 2474 και
561 2425 873 2504 τεκτονικῆς
893 2417 952 2471 δὲ
971 2440 1106 2471 κατα
1132 2415 1300 2471 ταῦτα
1321 2422 1463 2471 οἰκια
1483 2438 1538 2469 τε
1557 2417 1646 2469 καὶ
1665 2436 1852 2469 τεκτο·

190 2485 315 2572 νικὴ
343 2487 403 2543 τὸ
436 2489 538 2575 μὲν
570 2493 759 2580 ἔργον,
799 2486 859 2542 τὸ
891 2487 950 2542 65
979 2491 1238 2556 δίδαγμα·
1275 2492 1370 2556 τῆς
1402 2483 1472 2568 δὴ
1501 2484 1853 2553 δικαιοσύνης

192 2552 449 2646 ωσαυῗτως
477 2556 536 2613 τὸ
544 2559 662 2644 μὲν
681 2564 926 2620 δικαίους
945 2563 1079 2611 ἔστω
1098 2567 1300 2623 ποιεῖν,
1322 2554 1576 2623 καθάπερ
1596 2556 1711 2609 ἐκεῖ
1722 2575 1852 2616 τους
1954 2567 1962 2632 g

189 2632 431 2692 τεχνίτας
460 2627 747 2690 ἑκαστους·
786 2624 846 2681 τὸ
881 2623 931 2679 δ’
967 2627 1181 2693 ἕτερον,
1222 2625 1253 2679 ὂ
1273 2625 1505 2679 δύναται
1526 2635 1702 2678 ποιεῖν
1721 2620 1851 2706 ἡμῖν

190 2700 355 2787 ἔργον
380 2694 409 2750 6
430 2700 662 2781 δίκαιος,
682 2701 739 2750 τί
763 2695 926 2749 τοῦτό
947 2717 1155 2763 ‹poem-213
1196 2698 1332 2748 εἰπέ·
1351 2728 1423 2736 -
1442 2695 1602 2756 οὗτος
1620 2696 1748 2761 μέν,
1781 2688 1854 2754 ὡς

129 2793 158 2832 0
191 2773 365 2850 οἰμαι,
387 2762 446 2820 τὸ
468 2769 756 2851 συμφέρον
778 2763 1134 2849 ἀπεκριᾌνατο
1156 2762 1320 2827 ἄλλος
1341 2765 1398 2818 δὲ
1415 2763 1475 2818 τὸ
1498 2764 1650 2827 δέον,
1672 2762 1853 2843 ἕτερος

191 2835 248 2888 δὲ
283 2832 342 2889 τὸ
381 2832 754 2905 ωφέλιμον,ο
726 2837 854 2887 065
886 2835 944 2887 τὸ
978 2840 1315 2889 λυσιτελοῦν.
1358 2831 1617 2903 ἐπανῄειν
1648 2829 1711 2899 δὴ
1744 2828 1850 2900 ἐγώ
