1994 3100
268 7 284 17 -
403 12 418 22 ,⁴
456 16 458 18 Ι
719 12 721 15 ,
842 15 846 18 ⁴
983 14 986 18 Δ
1023 7 1026 10 >
1194 11 1206 20 Δ,
1230 6 1251 15 ,ο
1323 0 1340 9 ’Υ
1370 0 1392 14 y
1423 0 1585 18 ’,τἰ’“,““,’““ἷο
1651 0 1681 11 Γ“

715 136 1105 201 PRAEFATIO.
1777 170 1822 207 xz

18 317 21 326 Α
102 284 223 319 ·ret.
275 277 407 317 Immo
437 276 480 317 iu
509 276 603 330 pari
636 274 855 326 utriusque
889 273 1076 315 bonitate
1099 273 1274 327 pronior
1301 278 1440 313 tamen
1474 284 1601 313 causa
1628 280 1822 327 apparet,

19 358 21 366 ·
79 354 81 365 =
157 333 460 388 grammaticus
496 332 552 374 ad
589 331 707 374 illam
751 343 877 398 quam
914 332 969 372 ad
1004 329 1115 371 hanc
1147 330 1387 384 fingendam
1428 332 1590 371 moveri
1625 332 1822 384 potuerit,

18 386 22 429 ἒ
60 402 231 432 ’.ιιιιι-ιιιιι
261 398 307 431 ut
340 390 552 457 objectum
581 391 709 431 verbo
742 383 933 429 ακοιὶειυ
961 388 1136 429 adderet
1165 387 1378 439 simulque
1403 387 1697 441 pleonasmum
1730 401 1823 429 ver-

76 473 79 483 .
154 468 173 484 ..
211 442 326 500 μετὰ
349 460 409 488 τα
436 441 706 500 ἔμπροσθεν
736 454 777 487 et
805 439 920 499 μετὰ
945 443 1090 486 ταῦτα
1121 446 1317 494 evitaret,
1356 446 1429 497 qui
1456 451 1597 485 tamen
1626 446 1718 498 ipse
1749 447 1823 489 vix

165 507 206 547 ὀ
243 506 441 559 imputari
478 513 635 559 potest.
697 503 1008 544 Incommodum
1052 502 1339 556 grammaticis
1375 502 1509 543 fuisse
1542 502 1638 546 cod.
1669 503 1765 543 Vat.
1801 515 1823 543 r

71 567 75 569 “
138 563 240 610 ·dit‚
272 564 342 604 nbi
373 563 619 617 simpliciter
641 554 754 614 μετὰ
780 554 867 614 γὰρ
894 554 952 600 τὰ
980 554 1251 612 ἔμπροσθε-ν
1274 558 1420 600 ταῦτα
1448 552 1736 612 ἐσκοποῦμεν
1762 561 1822 601 le-

17 623 20 672 ζ
62 633 198 667 mus;
231 629 273 660 at
299 620 379 660 hoc
405 621 501 674 ipso
533 619 774 659 testimonio
804 618 934 659 multo
966 618 1103 671 magis
1131 616 1267 658 Oxou.
1297 629 1422 669 quam
1450 616 1566 670 vulg.
1598 617 1723 658 lectio
1752 617 1823 658 fir-

18 679 20 684 ’
63 685 175 719 atur
234 691 310 718 nec
345 677 489 717 durior
524 676 852 730 praepositionis
882 675 1048 715 iteratio
1083 681 1147 714 est
1181 687 1306 726 quam
1343 688 1381 715 c.
1413 672 1469 716 29
1505 665 1584 715 ἐπὶ
1614 668 1700 726 μὲν
1731 668 1820 728 ’γὰρ

18 734 20 742 '
57 756 61 761 -
88 735 135 781 ῖς
172 707 441 787 ἔμπροσθεν
475 725 557 784 ἔφ’
585 725 809 780 ἑκάστοις.
841 755 900 763 -—
932 732 978 775 P.
1010 729 1093 774 291
1125 732 1158 771 E
1195 726 1330 784 ἔργον
1366 733 1560 784 quamvis
1600 732 1641 772 in
1684 731 1819 774 Oxou.

27 818 29 823 ·
64 811 79 837 ,·
103 812 107 826 ·
131 806 202 833 ·ue
234 800 395 838 exstet,
436 800 576 832 tamen
607 804 737 843 quum
770 791 914 831 sedem
945 796 1034 830 tum
1063 796 1158 829 ante
1189 796 1278 830 tum
1309 796 1407 843 post
1440 780 1742 842 ἀπεργάζεται
1778 791 1820 830 in

80 851 153 891 ris
185 848 359 894 habeat.
404 860 482 902 pro
522 857 718 902 suspecto
758 848 988 889 notandum
1028 847 1151 894 duxi3
1203 860 1246 899 p.
1287 845 1376 889 293
1409 846 1444 886 D
1479 859 1580 888 vero
1618 847 1820 888 librorum

15 951 18 962 ¹
116 907 220 948 ·ium
249 907 470 948 lectionem
499 900 654 946 πάντα
682 902 825 959 λέγεις
852 905 1071 957 revocavi,
1102 906 1170 944 cui
1200 903 1265 944 ST
1295 905 1400 945 mira
1430 917 1524 944 cum
1558 904 1740 945 audacia
1770 917 1822 945 ex

16 967 28 1006 ss
79 966 400 1006 mmaticorum
445 965 705 1016 quorundam
748 963 942 1016 vestigiis
983 963 1205 1014 παταγεῖς
1244 962 1574 1010 substituerunt;
1625 962 1739 1014 quod
1775 968 1822 1002 ut

24 1058 31 1079 ,
78 1020 81 1021 ⁷
137 1023 219 1063 ime
255 1028 399 1062 nostro
426 1022 516 1061 loco
546 1023 598 1062 ab
630 1021 861 1076 Hesychio.
890 1019 1063 1066 photio,
1102 1018 1232 1059 Suida
1261 1019 1466 1060 horumve
1491 1020 1735 1060 auctoribus
1763 1018 1822 1059 le-

24 1100 28 1114 ·
87 1091 147 1120 ιιι
175 1080 243 1129 sit,
276 1081 317 1120 in
338 1086 451 1119 tanta
481 1079 743 1132 corruptelae
769 1078 1027 1129 antiquitate,
1053 1084 1210 1128 quauta
1236 1079 1397 1130 passim
1424 1078 1464 1117 in
1488 1076 1676 1118 Platonis
1703 1077 1822 1117 libris

23 1117 32 1188 f
100 1157 105 1170 ·
176 1156 179 1159 ·
214 1169 230 1187 ‚
269 1149 323 1178 ne
357 1136 526 1176 illorum
557 1137 726 1188 quidem
766 1135 999 1176 auctoritati
1036 1135 1081 1174 id
1115 1135 1206 1175 dari
1236 1141 1399 1188 potest,
1438 1141 1484 1174 ut
1517 1135 1661 1175 invitis
1693 1133 1831 1181 codd„

24 1190 36 1250 ¹.
87 1216 89 1220 ·
114 1194 272 1249 ·iguam
304 1194 523 1235 lectionem
547 1206 624 1247 pro
650 1194 896 1248 planissima
924 1193 1193 1246 recipiamus.
1220 1213 1276 1221 ——
1303 1194 1349 1233 P.
1374 1189 1462 1235 294
1486 1193 1520 1232 E
1548 1186 1633 1231 τὸν
1661 1183 1822 1232 Εὐθύ-

72 1275 97 1302 Γ»
232 1252 568 1305 circumscripsi,
615 1253 715 1304 quia
760 1251 939 1292 eundem
991 1250 1204 1290 hominem
1253 1262 1368 1298 esse,
1419 1250 1491 1302 qui
1539 1250 1820 1302 interrogetur

15 1257 34 1395 t
66 1325 90 1364 ,i
114 1326 119 1344 ·
141 1328 145 1343 2
164 1322 237 1350 ue
261 1316 371 1350 artes
398 1310 671 1363 iuterrogatio
696 1315 872 1362 spectet,
900 1320 1082 1359 sequeus
1109 1299 1238 1360 ἥκεις
1268 1306 1472 1355 ostendit3
1503 1307 1619 1359 quod
1646 1319 1699 1348 ne
1725 1318 1820 1346 cum

22 1397 27 1406 .
65 1365 135 1407 κς
153 1373 295 1408 contra
326 1378 472 1407 omues
500 1367 629 1407 libros
657 1368 699 1407 in
731 1359 832 1419 ἣκει
862 1373 1091 1413 mutarem,
1121 1366 1260 1405 fratris
1286 1377 1513 1419 personam
1539 1366 1583 1405 in
1609 1364 1820 1418 suspicio-

84 1437 127 1465 «ιι
159 1436 310 1465 vocare
338 1423 483 1476 malui,
514 1425 762 1478 praesertim
797 1436 924 1476 quum
955 1436 1007 1463 ne
1038 1422 1145 1463 illud
1173 1423 1345 1474 quidem
1375 1423 1594 1476 probabile
1621 1422 1689 1470 sit,
1717 1421 1820 1462 alte-

12 1430 42 1580 k
79 1484 85 1490 “
145 1489 277 1523 artem
307 1494 360 1523 ex
392 1482 521 1522 altero
547 1483 690 1535 potius
719 1494 844 1534 quam
873 1494 926 1522 ex
954 1482 1048 1534 ipso
1076 1481 1255 1533 exquiri.
1298 1480 1610 1533 Euthydemum
1640 1479 1820 1520 intruse-

40 1547 43 1549 ·
83 1545 152 1586 t,
181 1551 288 1591 qnos
307 1538 590 1593 Dionysodori
623 1552 774 1580 nomen
795 1541 836 1580 in
858 1541 952 1592 ipsa
985 1539 1315 1592 interrogatione
1331 1539 1518 1591 positum
1540 1538 1725 1586 falleret3
1753 1548 1820 1576 me

10 1598 25 1650 ‚l
193 1596 288 1638 talis
314 1598 502 1638 attractio
526 1597 640 1638 haud
664 1596 852 1638 offendit.
880 1619 931 1625 -—
958 1597 1002 1636 P.
1025 1594 1110 1638 295
1137 1598 1172 1635 A
1199 1588 1325 1647 πλήν
1349 1587 1391 1647 γ’
1413 1585 1487 1635 ὅτι
1507 1587 1630 1641 εἰκὸς
1646 1595 1694 1643 H,
1723 1606 1820 1647 pro-

20 1638 46 1728 Γ
70 1710 73 1713 ¹
101 1674 106 1690 ι
133 1654 217 1707 iae,
241 1653 355 1720 qnod
376 1654 502 1695 codd.
533 1662 629 1695 ante
657 1647 780 1700 εἰκὸς
807 1653 1004 1695 exhibent
1031 1645 1131 1706 ἐγώ,
1154 1654 1488 1705 circumscript03
1517 1645 1643 1705 πλήν
1671 1645 1711 1705 γ’
1729 1643 1818 1703 ὅτι,

19 1711 46 1776 i:
113 1702 157 1752 δ’
173 1703 276 1765 ἔγω,
295 1704 419 1758 εἰκὸς
440 1711 514 1752 VB
532 1724 586 1751 ex
606 1710 792 1752 Coi-narii
812 1713 1064 1765 conjectura,
1092 1723 1228 1761 neque
1255 1710 1378 1751 aliter
1392 1709 1472 1764 ST,
1494 1711 1574 1751 nisi
1592 1710 1706 1762 quod
1723 1721 1819 1749 cum

25 1792 44 1839 ὁ
69 1776 73 1781 “
107 1769 286 1810 nckclm.
321 1760 394 1809 ὅτι
420 1770 463 1809 in
492 1760 522 1807 ὅ
548 1781 593 1808 τι
619 1769 898 1822 diremerunt,
934 1775 980 1809 ut
1008 1768 1134 1810 fldem
1163 1767 1374 1821 Sophistis
1399 1765 1597 1808 Socrates
1628 1772 1818 1820 negaret,

20 1868 46 1892 u
95 1846 97 1849 ⁴
138 1838 315 1878 quarum
341 1838 481 1868 rerum
505 1838 661 1880 gnaros
689 1838 783 1867 esse
812 1826 1030 1880 probabile
1058 1832 1190 1875 esset;
1218 1838 1312 1866 meo
1339 1836 1468 1865 sensu
1494 1824 1820 1879 languid1ssime

20 1909 25 1932 ,
133 1891 277 1936 terque
305 1896 471 1925 omnem
502 1885 662 1925 ironiae
686 1884 796 1932 vim,
830 1896 939 1936 quae
972 1890 1133 1924 tautum
1158 1884 1277 1924 abest
1302 1889 1347 1923 ut
1372 1881 1490 1923 velut
1510 1883 1720 1936 judicium
1748 1894 1819 1922 ea-

35 1986 42 1997 ,
92 1961 109 1973 ι·
153 1953 314 1989 remm,
350 1954 527 1994 quarum
565 1942 662 1983 illos
695 1953 852 1995 gnaros
891 1954 987 1982 esse
1021 1947 1348 1982 consentaneum
1384 1941 1461 1993 sit,
1509 1940 1563 1981 ad
1602 1939 1818 1981 Socratem

28 2047 29 2052 Ἰ
91 2019 108 2031 ιι
147 1997 254 2039 {erre
279 2000 430 2052 possit,
460 2006 520 2047 ut,
550 2012 726 2052 qnorum
757 2000 867 2040 omni
897 1999 1132 2053 sapientiae
1159 1997 1404 2052 singulatim
1436 1996 1615 2045 diffidat,
1645 1997 1816 2038 eosdem

87 2053 223 2097 lvmc
250 2057 484 2110 sapientiae
513 2057 638 2099 laude
665 2056 861 2098 cumulet.
902 2057 1039 2098 Etiam
1071 2069 1114 2109 p.
1146 2053 1233 2098 296
1258 2057 1297 2096 Α
1325 2047 1423 2108 οἷεί,
1462 2055 1577 2107 quod
1611 2055 1662 2095 ab
1689 2054 1819 2107 hujus

18 2100 42 2167 Ῑ,
68 2131 116 2202 ἢ·
138 2114 220 2154 nui
250 2114 523 2168 simplicitate
562 2127 734 2168 prorsus
771 2114 955 2155 alienum
996 2120 1058 2156 est
1090 2115 1217 2166 inque
1250 2114 1523 2165 sequentibus
1560 2113 1729 2152 demum
1766 2112 1818 2152 ab

76 2197 77 2201 =
123 2170 289 2224 ydemo
322 2173 458 2225 primo
493 2172 692 2225 insertur,
735 2173 951 2213 codicibus
981 2184 1149 2224 quoque
1183 2170 1299 2212 haud
1328 2170 1466 2211 malae
1498 2176 1622 2210 notae
1652 2169 1818 2210 duobus

20 2241 22 2247 ·
67 2251 69 2258 ·
105 2227 383 2281 ipulantlbus
405 2230 739 2283 circumscripsi:
769 2230 1030 2281 eandemque
1053 2229 1290 2269 cautionem
1316 2241 1416 2268 mox
1443 2241 1479 2268 c.
1502 2225 1558 2267 23
1578 2227 1818 2281 pronomini

10 2332 11 2337 Ἰ
122 2284 319 2337 adhibui,
346 2287 460 2339 quod
485 2288 565 2327 etsi
594 2299 739 2329 omnes
769 2287 861 2327 libri
895 2294 1056 2329 tenent.
1084 2294 1222 2326 tamen
1253 2298 1303 2326 ea
1331 2298 1374 2326 re
1402 2291 1645 2338 suspectum
1673 2283 1818 2326 reddi-

9 2394 12 2404 ν
72 2364 73 2368 =
101 2370 116 2391 ,
144 2342 259 2395 qnod
290 2344 435 2397 optimi
462 2344 660 2398 deinceps
687 2356 765 2398 pro
795 2341 1142 2400 συμβουληθείη
1166 2343 1303 2383 solnm
1327 2339 1584 2399 βουληθείη
1614 2340 1817 2391 offerunt3

9 2365 30 2466 [t
59 2403 70 2446 “,
116 2427 124 2431 -
160 2401 291 2454 igitur
322 2403 410 2452 Jam
438 2401 583 2442 Stallb.
618 2402 704 2442 fleri
734 2402 923 2455 potuisse
954 2402 1139 2450 monuit,
1178 2408 1223 2442 ut
1259 2399 1612 2454 interpolamento
1645 2395 1718 2439 σοὶ
1746 2411 1818 2439 su-

8 2474 27 2514 i
74 2480 105 2488 ··
189 2464 276 2511 pto,
305 2457 387 2499 hoc
411 2460 549 2513 ipsum
575 2472 649 2512 per
672 2472 851 2500 errorem
879 2461 918 2500 in
950 2471 1050 2513 prae
1084 2458 1276 2499 ositionis
1308 2458 1445 2499 locum
1474 2457 1734 2499 succederet.
1760 2478 1818 2487 -

6 2527 29 2579 ,ι
94 2510 183 2558 296
203 2514 235 2555 Β
259 2509 414 2556 πάντα
442 2508 693 2568 ἐπίσταμαι
723 2516 770 2564 0,
799 2510 953 2556 πάντα
982 2507 1030 2570 ἐγ
1098 2508 1346 2569 ἐπίσταμαι
1368 2515 1529 2564 vsss'r;
1560 2521 1602 2555 at
1632 2515 1695 2555 vis
1723 2526 1818 2555 sen-

9 2591 29 2629 4
74 2623 78 2628 Ι
113 2571 180 2613 lae
206 2573 248 2613 in
282 2575 460 2629 objecto.
484 2587 564 2614 non
594 2576 634 2615 in
665 2576 859 2627 subjecto
882 2575 994 2615 verbi
1018 2567 1267 2626 ἐπίσταμαι
1295 2575 1544 2614 continetur.
1572 2593 1627 2602 -
1657 2573 1703 2614 P.
1730 2567 1816 2613 297

10 2650 30 2682 =t
87 2619 291 2683 &stobe
321 2630 378 2684 Ο,
410 2625 436 2673 ὁ
463 2624 663 2684 ἀδελφὸς
682 2634 735 2680 V,
762 2624 965 2683 ἁδελφὸς
995 2632 1120 2683 BST;
1153 2639 1262 2673 recte
1293 2638 1431 2672 tamen
1461 2629 1719 2670 Winckelm.
1753 2642 1815 2669 ar-

6 2711 57 2747 w-
82 2723 85 2727 .
112 2684 144 2728 ll
169 2689 440 2731 omissionem
467 2696 625 2739 tuetur,
659 2703 767 2742 qnae
795 2703 844 2730 co
873 2689 1035 2731 facilior
1065 2697 1149 2735 est,
1177 2690 1291 2742 qnod
1320 2689 1511 2740 seqnitur
1541 2688 1714 2741 propior
1742 2687 1816 2727 de-

8 2773 30 2817 ψ
83 2741 163 2785 tio
189 2737 217 2785 ὁ
242 2738 378 2787 πάντ’
404 2741 556 2794 εἶδός.
599 2747 756 2788 Eadem
786 2759 912 2788 cansa
947 2746 1163 2789 Demostli.
1197 2747 1295 2787 Mid.
1326 2749 1365 2795 S.
1393 2743 1466 2789 78.
1496 2767 1553 2775 —
1582 2745 1625 2784 Ρ.
1661 2740 1748 2786 297
1780 2744 1815 2783 D

7 2811 30 2862 J,
130 2800 300 2857 οοιιλῆς
326 2812 422 2859 post
442 2796 614 2852 Ἰόλεως
639 2804 856 2845 Heindorf.
889 2812 928 2845 et
954 2804 1198 2846 Schleierm.
1227 2812 1339 2845 recte
1368 2802 1664 2844 intellexerunt
1690 2802 1807 2841 inter.

5 2885 28 2916 η
75 2863 96 2886 a
122 2859 200 2900 tori
231 2859 397 2916 deberi,
428 2863 500 2915 qui
530 2862 740 2916 explicare
768 2862 916 2909 vellet,
945 2875 1068 2914 quem
1097 2863 1364 2915 potissimum
1392 2861 1549 2901 lolanrn
1584 2871 1707 2900 suum
1738 2857 1813 2899 So-

6 2927 16 2952 :
185 2916 364 2966 diceret:
403 2931 532 2972 quum
569 2926 708 2961 tamen
744 2932 797 2961 ne
834 2920 944 2959 illius
973 2919 1142 2971 quidem
1174 2918 1312 2959 fratris
1340 2917 1540 2959 Patroclis
1574 2924 1619 2957 ut
1648 2913 1817 2956 Herculi

11 1694 15 1721 1

61 1660 69 1669 ,

5 2935 94 2982 ι’“

0 3000 7 3100 i
