2020 3094
266 150 370 202 104
419 210 426 211 ff
882 153 1057 200 ΠΛΑ
1075 153 1358 200 ΤΩΝΟΣ
1884 158 1936 202 16
2009 142 2011 144 ’

266 283 481 340 ὁπόθεν
510 283 762 354 ἄρξοιντο
794 285 1298 356 παρακελευόμενοι
1326 292 1406 360 τῷ
1433 291 1704 359 νεανίσκῳ
1735 290 1938 356 σοφίαν

265 388 322 422 τε
340 371 432 422 καὶ
449 364 651 438 άρετην
670 365 876 422 ἀσκεῖν.
898 364 927 422 ὁ
950 360 1057 422 οὖν
1068 369 1439 440 πρεσβύτερος
1458 366 1660 439 αὐτῶν,
1683 365 1933 424 ὁΔιονυ-

268 449 540 519 σόδωρος,
584 448 851 520 πρότερος
868 448 1062 520 ἤρχετο
1092 455 1197 505 τοῦ
1221 449 1419 521 λόγου,
1456 452 1548 506 καὶ
1566 448 1720 522 ἡμεῖς
1738 450 1937 514 πάντες

265 533 567 602 ἐβλέπομεν
586 528 724 602 πρὸς
743 527 917 586 αὐτὸν
935 527 1008 595 ὦς
1027 529 1221 588 αὐτίκα
1240 532 1385 603 μάλα
1403 531 1771 604 ἀκουσόμενοι
1789 540 1938 587 θαυ-

265 618 497 683 μασίους
514 613 666 678 τινας
685 613 909 683 λόγους·
945 612 1082 685 ὅπερ
1111 608 1217 670 οὖν
1244 618 1335 670 καὶ
1366 618 1570 686 συνέβη
1595 612 1750 686 ἡμῖν·
1789 622 1938 669 θαυ-

205 715 235 754 Β
267 695 478 765 μαστὸν
496 695 602 766 γάρ
623 718 774 767 τινα,
799 689 844 751 ὦ
857 701 1106 766 Κρίτων,
1126 695 1269 768 ἀνὴρ
1290 705 1525 769 κατῆρχε
1545 698 1741 768 λόγον,
1763 690 1835 752 οὗ
1853 697 1938 751 σοὶ
1993 698 1998 705 ’

267 777 420 843 ἄξιον
442 776 708 848 ἀκοῦσαι,
752 776 826 843 ὠς
857 780 1357 848 παρακελευστικὸς
1385 779 1414 836 ὁ
1435 781 1599 851 λόγος
1615 774 1687 851 ἦν
1710 776 1786 835 ἐπ’
1810 777 1931 847 ἄρε-

264 860 379 930 τήν.
435 864 578 916 Εἰπέ
594 882 715 931 μοι,
754 865 888 933 ἔφη,
929 855 974 916 ὦ
994 861 1288 932 Σώκρατές
1315 885 1373 919 τε
1403 866 1494 920 καὶ
1513 861 1668 935 ὑμεῖς
1688 865 1743 917 οἱ
1764 861 1936 931 ἄλλοι,

265 940 388 998 ὅσοι
417 942 555 1013 φατὲ
585 946 882 1014 ἐπιθυμεῖν
909 943 1074 1000 τόνδε
1102 943 1203 1001 τὸν
1231 954 1528 1002 νεανίσκον
1567 944 1749 1015 σοφὸν
1782 946 1940 1015 γενέ-
1996 1010 1997 1014 ¹

173 1024 182 1037 '
265 1033 430 1095 σθαι,
460 1025 700 1095 πότερον
719 1029 930 1092 παίζετε
958 1033 1131 1081 ταῦτα
1159 1029 1412 1098 λέγοντες
1429 1024 1466 1099 ἦ
1488 1025 1560 1092 ὥς
1581 1026 1805 1098 άληθῶς
1821 1028 1940 1082 ε’πι-

264 1116 493 1177 θυμεῖτε
513 1109 604 1162 καὶ
623 1108 983 1176 σπουδάζετε;
1017 1107 1170 1180 κάγώ
1194 1109 1524 1181 διενοήθην,
1563 1109 1648 1165 ὅτι
1676 1107 1939 1184 ᾠηθήτην
1996 1172 1999 1177 .

265 1188 372 1259 ἄρα
391 1186 533 1260 ἡμᾶς
550 1187 611 1245 τὸ
635 1190 909 1261 πρότερον
936 1196 1173 1259 παίζειν,
1210 1190 1373 1262 ἡνίκα
1401 1192 1727 1262 ἐκελεύομεν
1757 1195 1940 1246 διαλε-
2000 1218 2006 1236 ι

265 1279 470 1343 χθῆναι
488 1277 566 1345 τῷ
585 1279 857 1347 νεανίσκῳ
883 1273 1033 1329 αὐτώ
1048 1316 1063 1343 ,
1084 1274 1175 1328 καὶ
1195 1270 1285 1328 διὰ
1303 1280 1474 1328 ταῦτα
1494 1272 1935 1343 προσεπαισάτην
2000 1279 2007 1287 “

210 1370 241 1411 C
270 1374 328 1408 τε
347 1356 437 1409 καὶ
458 1351 562 1409 οὐκ
582 1355 1000 1426 ἐσπουδασάτην
1013 1377 1024 1388 ·
1057 1361 1231 1410 ταῦτα
1251 1349 1357 1410 οὖν
1375 1356 1690 1427 διανοηθεὶς
1704 1360 1781 1411 ἔτι
1800 1360 1940 1425 μᾶλ-
1996 1363 2004 1399 ³

268 1441 368 1491 λον
388 1434 561 1507 εἶπον,
584 1433 667 1492 ὅτι
684 1443 1022 1507 θαυμαστῶς
1040 1437 1459 1509 σπουδάζοιμεν.
1496 1440 1587 1494 καὶ
1607 1435 1636 1493 ὁ
1658 1436 1940 1493 Διονυσό-
2002 1455 2004 1457 ’

269 1522 472 1590 δωρος,
493 1518 709 1574 Σκόπει
727 1519 867 1591 μήν,
888 1523 991 1590 ἔφη
1006 1561 1020 1588 ,
1044 1513 1090 1575 αἶ
1106 1519 1431 1591 Σώκρατες,
1453 1519 1604 1585 ὅπως
1623 1521 1695 1592 μὴ
1717 1524 1941 1591 ἔξαρνος

269 1606 379 1656 ε’σει
397 1598 433 1655 α’
451 1608 558 1656 νῦν
577 1603 765 1672 λέγεις.
802 1600 1131 1672 ’Έσκεμμαι,
1168 1605 1241 1674 ήν
1261 1603 1314 1657 δ’
1335 1603 1469 1673 ἐγώ·
1509 1601 1578 1658 οὐ
1603 1601 1709 1674 γὰρ
1730 1602 1804 1673 μή
1825 1597 1938 1656 ποτ’

266 1687 490 1753 ἔξαρνος
518 1684 777 1754 γένωμαι.
839 1689 909 1739 Τί
933 1705 1066 1751 ουν;
1103 1689 1234 1755 ἔφη·
1273 1707 1410 1755 φατε
1437 1684 1747 1766 βουλεσθαι
1766 1681 1940 1739 αὐτὸν

268 1765 449 1836 σοφὸν
467 1768 757 1834 γενέσθαι;
798 1766 963 1821 Πάνυ
981 1789 1083 1837 μεν
1102 1770 1220 1823 οὐν.
1258 1773 1390 1823 Νῦν
1410 1769 1476 1823 δέ
1480 1770 1550 1839 ,ἡ
1574 1750 1631 1822 δ’
1655 1764 1745 1835 ὅς,
1773 1771 1940 1821 Κλει-

267 1853 388 1913 νίας
406 1848 645 1918 πότερον
663 1847 837 1918 σοφός
857 1852 1005 1903 ἐστιν
1025 1844 1062 1920 ἦ
1081 1849 1174 1914 οὕς
1197 1849 1426 1906 Οὔκουν
1445 1853 1588 1921 φησί
1601 1851 1667 1917 γε’
1681 1867 1792 1902 πω·
1829 1851 1939 1902 ἔστι

268 1929 327 1986 δὲ
346 1926 450 1984 οὐκ
470 1927 702 1995 ἀλαζών.
731 1927 906 2000 Ὑμεῖς
925 1934 988 1986 δέ
995 1973 1010 2001 ,
1031 1935 1163 2003 ἔφη,
1186 1930 1462 2002 βούλεσθε
1479 1932 1745 2000 γενέσθαι
1765 1927 1939 1985 αὐτὸν

208 2031 239 2070 D
273 2011 480 2082 σοφόν,
521 2009 715 2083 άμαθῆ
745 2011 804 2068 δὲ
832 2011 905 2083 μὴ
941 2011 1111 2081 εἶναι;
1133 2010 1566 2084 Ὡμολογοῦμεν.
1621 2009 1852 2068 Οὐκοῦν
1881 2008 1940 2076 ὃς

266 2094 369 2165 μὲν
389 2092 493 2150 οὐκ
513 2098 651 2162 ἔστι,
689 2093 966 2165 βούλεσθε
987 2092 1160 2151 αὐτὸν
1186 2099 1478 2165 γενέσθαι,
1518 2089 1578 2159 ὃς
1597 2091 1648 2149 δ’
1674 2098 1787 2149 ἔστι
1811 2100 1936 2162 νῦν,
1990 2163 1992 2165 ‚

267 2180 458 2249 μηκέτι
496 2176 650 2233 εἶναι.
705 2177 794 2232 καὶ
823 2176 931 2247 ἐγώ
960 2175 1206 2244 ἄκου’σας
1244 2177 1609 2250 ἐθορυβήθην
1622 2198 1635 2210 ·
1674 2173 1703 2231 ὁ
1741 2179 1804 2231 δέ
1830 2197 1940 2246 μου
1991 2179 1995 2182 ’

265 2263 698 2332 θορυβουμένου
720 2257 1225 2331 ὑπολαβών,’Ἁλλο
1245 2283 1296 2316 τι
1315 2255 1439 2332 οὗν,
1460 2264 1583 2331 ἔφη,
1605 2260 1720 2315 ἐπεὶ
1738 2259 1940 2331 βούλε-
1998 2264 2000 2266 ’

267 2351 373 2398 σθε
393 2340 597 2414 αὐτόν,
637 2340 696 2408 ὃς
714 2350 823 2398 νῦν
840 2346 978 2414 ἐστί,
1017 2346 1208 2415 μηκέτι
1235 2343 1400 2413 εἶναι,
1440 2343 1719 2415 βούλεσθε
1745 2338 1937 2411 αὐτόν,
1992 2368 1998 2381 ⁷·

267 2422 339 2489 ὡς
357 2428 554 2495 ἔοικεν,
578 2422 950 2493 ἄπολωλέναις
987 2432 1165 2482 καίτοι
1201 2432 1412 2482 πολλοῦ
1432 2421 1506 2480 ὅίν
1523 2423 1664 2490 ἄξιοι
1682 2427 1740 2478 oc
1752 2428 1940 2477 τοιοῦ-
1995 2430 1997 2442 ²

265 2528 351 2562 τοι
372 2505 484 2562 εἷεν
502 2513 654 2578 φίλοι
672 2529 729 2562 τε
747 2509 841 2564 καὶ
861 2511 1098 2578 ἐρασταί,
1112 2511 1308 2574 οἵτινες
1325 2507 1390 2564 τὰ
1411 2505 1633 2563 παιδικὰ
1653 2506 1778 2574 περὶ
1797 2524 1939 2559 παν-

266 2586 358 2654 τὸς
376 2585 446 2643 ἄν
465 2589 785 2659 ποιήσαιντο
806 2592 1140 2655 ἐξολωλέναι.

205 2691 237 2732 Ε
406 2676 513 2726 ΧΠ.
567 2672 678 2726 Καὶ
706 2669 734 2726 ὁ
755 2671 1076 2742 Κτήσιππος
1096 2672 1338 2737 ἀκούσας
1356 2669 1708 2742 ἠγανάκτησε
1722 2690 1779 2724 τε
1796 2667 1937 2735 ὑπὲρ

265 2759 380 2809 τῶν
398 2757 671 2809 παιδικῶν
688 2755 779 2809 καὶ
799 2753 950 2810 εἶπεν
965 2778 977 2789 ·
1022 2749 1090 2811 Ὦ
1107 2756 1226 2820 ξένε
1246 2753 1475 2822 Θούριε,
1518 2749 1655 2823 εἰμὴ
1678 2749 1937 2822 ἀγροικό-

266 2857 455 2908 τερον,
495 2841 629 2907 ἔφη,
664 2829 739 2907 ἦν
761 2840 959 2907 εἰπεῖν,
999 2834 1156 2891 εἶπον
1175 2835 1247 2891 ἄν
1259 2878 1274 2905 ,
1312 2837 1399 2890 σοὶ
1416 2838 1491 2899 είς
1510 2833 1788 2906 κεφαλήν,
1826 2830 1859 2887 ὅ
1885 2854 1937 2886 τι
2017 2898 2020 2914 2
