1962 3112
357 13 393 22 »N

213 81 316 131 426
809 81 983 127 HAA
1001 39 1283 128 mzvoz
1408 57 1422 61 ”
1828 84 1885 129 64

217 213 424 283 γράφει
442 215 535 268 καὶ
555 210 592 267 «32
610 213 686 284 μή
699 255 713 283 ,
747 213 871 280 περὶ
889 211 947 267 δὲ
974 218 1087 265 τῶν
1103 210 1286 266 ἄλλων
1303 214 1565 282 γραφέων
1586 210 1884 277 ἀδύνατος;

99 307 186 353 533
213 296 302 350 καὶ
318 294 542 351 ἐπειδὰν
561 297 664 365 μέν
682 316 763 358 τις
781 291 846 348 τὰ
866 299 979 348 τών
995 292 1180 348 ἄλλων
1200 292 1508 361 ζωγράφων
1528 296 1661 362 ἔργα
1681 297 1866 348 ε’πιδει·
1905 341 1913 349 .

213 377 385 449 κνύῃ,
416 377 671 442 νυστάζει
690 397 747 430 τε
766 377 858 431 καὶ
877 373 1078 443 ἀπορεῖ
1101 373 1316 428 καὶούκ
1346 379 1455 443 ἔχει
1475 371 1506 430 δ’
1523 397 1574 430 τι
1599 376 1885 447 συμβάλη-

213 482 328 529 ται,
367 456 592 514 ἐπειδᾶν
621 459 678 513 δὲ
711 461 836 526 περὶ
864 457 1244 525 Πολυγνώτου
1271 453 1309 528 ἦ
1339 457 1513 512 ἄλλου
1534 457 1666 512 ὅτου
1696 459 1885 530 βούλει

212 549 327 597 τών
339 542 602 612 γραφέων
612 538 735 604 ἑνὸς
752 539 931 610 μόνου
945 543 976 593 δ
980 540 1040 611 έῃ
1051 537 1450 610 ἀποφήνασθαι
1460 541 1706 611 γνώμην,
1722 543 1816 611 ε’γρ
1825 541 1886 612 ή-

215 627 349 694 γορέ
364 645 422 678 τε
440 625 531 677 καὶ
551 624 802 691 προσέχει
819 619 919 675 τὸν
940 627 1080 676 νοῦν
1095 623 1186 676 καὶ
1207 619 1438 692 εὐπορεῖ
1451 621 1483 675 ὅ
1500 643 1550 675 τι
1570 630 1722 694 εἴπῃς

359 707 516 761 ΙΩΝ.
558 701 644 758 Ού
662 702 738 773 μὰ
757 701 855 758 τὸν
876 709 1013 772 Δια,
1038 705 1107 758 οὐ
1128 709 1277 775 δῆτα.
1345 738 1350 741 «

361 792 485 842 ΣΩ.
530 791 602 840 Τί
616 787 702 850 δέ;
742 787 804 839 ἐν
823 782 1276 859 ἀνδριαντοποιίᾳ
1306 785 1411 857 ἤδη
1429 785 1525 842 τιν’
1549 785 1712 857 εἶδες,
1739 785 1887 851 ὅστις

219 872 344 938 περὶ
375 869 477 940 μὲν
502 867 790 923 Δαιδάλου
818 873 919 921 τοῦ
949 873 1234 937 Μητίονος
1261 864 1296 937 ἦ
1325 866 1542 923 Ἐπειοῦ
1569 874 1669 923 τοῦ
1697 874 1888 924 Πανο-

155 957 187 997 Β
219 955 364 1015 πέως
381 947 418 1021 ἢ
438 948 735 1017 Θεοδώρου
765 955 867 1003 τοῦ
885 946 1159 1019 Σαμίουῆ
1189 948 1363 1004 ἄλλου
1389 948 1540 1014 τινὸς
1558 948 1886 1020 ἀνδριαντο-

219 1039 385 1088 ποιοῦ
415 1029 537 1094 ἑνός
566 1031 690 1099 πέρι
721 1029 901 1095 δεινός
928 1034 1075 1086 ἐστιν
1103 1035 1413 1103 ἐξηγεῖσθαι
1431 1031 1466 1087 ὁὶ
1487 1027 1553 1088 εὖ
1571 1039 1885 1105 πεποίηκεν,

218 1119 280 1172 έν
311 1118 368 1170 δὲ
397 1126 508 1178 τοῖς
538 1119 651 1168 τῶν
679 1113 866 1168 ἄλλων
895 1112 1373 1181 ἀνδριαντοποιῶν
1402 1120 1580 1184 ἔργοις
1608 1114 1809 1184 ἀπορεῖ
1831 1136 1888 1170 τε

220 1200 311 1254 καὶ
330 1196 608 1267 νυστάζει,
629 1195 733 1250 οὐκ
753 1201 892 1266 ἔχων
914 1195 946 1251 ὅ
964 1218 1014 1251 τι
1031 1204 1183 1269 elbum

359 1285 518 1335 ΙΩΝ.
558 1278 643 1334 Οὐ
661 1276 734 1348 μά
756 1277 852 1332 τὸν
870 1283 1007 1349 Δία,
1030 1278 1160 1336 οῦδὲ
1177 1287 1378 1336 τοῦτον
1402 1282 1633 1351 ἑώρακα.

365 1369 482 1418 Σῼ.
538 1359 697 1416 Ἀλλά
726 1361 864 1431 μήν,
903 1361 976 1425 ὥς
1003 1359 1049 1430 γ’
1070 1361 1178 1431 ἐγώ
1209 1361 1386 1433 οἶμαι,
1424 1362 1549 1418 οὐδ’
1570 1366 1629 1419 έν
1660 1362 1877 1433 αύλήσε·

220 1468 283 1517 γε
304 1444 433 1501 οὐδὲ
453 1448 513 1500 ἐν
530 1449 808 1514 κιθαρίσει
829 1442 959 1499 οὐδὲ
979 1447 1039 1498 έν
1068 1449 1379 1518 κιθαρῳδίᾳ
1409 1443 1538 1500 οὐδὲ
1558 1448 1618 1500 έν
1638 1447 1884 1519 ῥαψῳδίᾳ

219 1525 558 1584 οὐδεπώποτ’
579 1525 716 1590 εἶδες
738 1523 942 1596 ἄνδρα,
981 1524 1129 1590 ὅστις
1147 1527 1270 1594 περὶ
1288 1526 1387 1596 μὲν
1415 1525 1692 1597 Ὀλύμπου
1711 1528 1880 1592 δεινός

158 1616 189 1657 G
221 1614 368 1666 ἐστιν
397 1612 708 1679 ἐξηγεῖσθαι
737 1604 773 1678 ἦ
802 1610 924 1675 περὶ
943 1608 1212 1678 Θαμύρου
1242 1605 1422 1679 ἤπερὶ
1452 1605 1747 1679 Ὀρφέωςῆ
1767 1611 1881 1677 περ)

219 1699 436 1764 Φημίου
471 1697 573 1746 τοῦ
613 1690 929 1762 Ἰθακησίου
966 1693 1256 1763 ραψςοδοῦ,
1313 1693 1438 1762 περὶ
1484 1692 1543 1746 δὲ
1565 1690 1753 1756 Ἴωνος
1788 1713 1879 1746 του

214 1773 467 1844 Ἐφεσίου
479 1773 679 1842 ἀπορεῖ
691 1775 781 1828 καὶ
798 1772 900 1828 οὐκ
922 1778 1029 1843 ἔχει
1049 1773 1482 1844 συμβάλλεσθαι,
1501 1772 1604 1829 ἅτε
1617 1768 1682 1829 εὖ
1701 1777 1874 1846 ῥαψῳ·

224 1860 310 1911 δεῖ
324 1857 415 1911 καὶ
433 1853 467 1910 ὁὶ
489 1856 576 1925 μή.

365 1943 524 1992 ΙῼΝ.
578 1934 698 1992 Οὐκ
718 1940 820 2007 ἔχω
852 1954 938 1991 σοι
968 1938 1091 2006 περὶ
1112 1937 1313 1992 τούτου
1332 1936 1660 2008 ἀντιλέγειν,
1699 1932 1743 1992 ώ
1762 1936 1888 1992 Σώ-

223 2041 441 2089 κρατες·
497 2016 610 2074 ἀλλ’
636 2021 814 2074 έκεῖνο
847 2021 1062 2092 ἐμαυτῷ
1096 2020 1352 2088 σύνοιδα,
1396 2017 1479 2074 ὅτι
1499 2022 1621 2087 περὶ
1646 2017 1874 2090 Ὁμήροι

222 2099 458 2158 κάλλιστ’
486 2099 810 2170 ἀνθρώπων
839 2104 978 2171 λέγω
1008 2103 1099 2156 καὶ
1130 2099 1349 2170 εὐπορῶ
1371 2103 1461 2156 καὶ
1489 2105 1547 2156 οἱ
1564 2101 1721 2158 ἄλλοι
1745 2101 1880 2156 πάνΔ

222 2205 308 2249 τες
328 2187 396 2253 με’
414 2200 587 2254 φασιν
605 2177 670 2238 εὗ
690 2187 896 2255 λέγειν,
918 2186 1042 2253 περὶ
1062 2184 1119 2239 δὲ
1139 2189 1251 2238 τῶν
1271 2183 1454 2239 ἄλλων
1473 2183 1555 2239 οὕ.
1590 2189 1766 2238 καίτοι
1786 2182 1887 2252 ὅρα

230 2273 390 2321 τοῦτο
413 2271 466 2321 τί
481 2270 646 2323 ἔστιν.

365 2353 429 2404 V.
504 2354 628 2402 ΣΩ.
682 2351 791 2403 Καὶ
812 2346 925 2416 ὁρῶ
939 2391 955 2419 ,
981 2344 1024 2404 ὦ
1040 2349 1194 2415 Ἴων,
1215 2350 1304 2404 καὶ
1323 2353 1546 2419 ἔρχομαι
1562 2351 1626 2417 γέ
1643 2365 1730 2401 σοι
1749 2345 1887 2400 ἀπο-
1931 2393 1939 2400 .

159 2447 192 2486 D
225 2432 580 2501 φαινόμενος,
600 2430 631 2486 ὅ
643 2454 735 2501 μοι
756 2436 911 2487 δοκεῖ
924 2439 1085 2486 τοῦτο
1108 2429 1260 2485 εἶναι.
1289 2433 1402 2483 ἔστι
1421 2427 1528 2498 γάρ
1548 2433 1711 2482 τοῦτο
1731 2428 1890 2496 τέχνη
1946 2440 1948 2442 ’

228 2513 329 2582 μὲν
348 2512 500 2583 *οῦ*,
522 2511 626 2568 οὐκ
645 2510 712 2569 ὂν
734 2512 882 2584 παρὰ
904 2516 990 2569 σοὶ
1011 2515 1132 2583 περὶ
1149 2511 1389 2582 Ὁμήρου
1410 2505 1475 2565 εὖ
1493 2512 1700 2580 λέγειν,
1734 2506 1764 2563 ὃ
1784 2515 1893 2563 νῦν

229 2592 294 2664 δὴ
319 2599 533 2664 ἔλεγον,
553 2601 682 2650 θεία
703 2595 761 2650 δὲ
782 2596 1030 2666 δύναμις,
1052 2594 1087 2667 ἦ
1113 2613 1172 2650 σε
1192 2606 1346 2664 κινεῖ,
1364 2593 1547 2662 ὥσπερ
1569 2595 1629 2646 ἐν
1647 2598 1713 2663 τῇ
1732 2597 1891 2663 λίθῳ,

225 2673 297 2747 ἣν
306 2674 610 2746 Εὐριπίδης
628 2677 730 2747 μὲν
740 2682 1035 2747 Μαγνῆτιν
1054 2675 1358 2747 ώνόμασεν,
1373 2680 1430 2731 οἱ
1445 2675 1502 2730 δὲ
1522 2675 1713 2729 πολλοὶ
1728 2671 1893 2742 Ἡρα-

225 2763 428 2813 κλείαν.
483 2760 574 2814 καὶ
601 2757 707 2828 γὰρ
736 2758 874 2828 αὕτη
905 2758 938 2818 ἡ
963 2765 1120 2823 λίθος
1140 2758 1207 2813 οὐ
1226 2758 1403 2827 μόνον
1424 2755 1628 2820 αὐτοῦς
1647 2754 1776 2820 τοὺς
1795 2760 1895 2810 δα·

1954 2086 1962 2180 ἒ,

1954 2210 1956 2234 ι
