2020 3094
837 107 890 152 Λ
906 105 1109 154 ΥΣΙΣ.
1745 98 1808 157 71

138 261 226 300 σοι
243 244 593 314 ἐπιτρέπουσι
611 242 700 297 καὶ
721 238 824 296 οὐκ
845 227 1220 312 άναμένουσιν
1236 242 1338 305 ἕως
1349 236 1424 296 ἂν
1437 236 1654 312 ἡλικίαν
1672 236 1809 312 ἔχῃς.

140 324 275 381 ὅταν
295 323 401 395 γάρ
429 324 745 396 βούλωνται
774 320 960 389 αὑτοῖς
987 321 1113 379 τινὰ
1142 320 1578 394 ἀναγνωσθῆναι
1606 319 1644 394 ἦ
1672 344 1813 394 γρα·

140 415 341 479 φῆναι,
373 411 459 478 σε’,
482 406 555 473 ὡς
577 400 811 482 ἐγῷμαι,
844 413 1066 477 πρῶτον
1082 411 1195 461 τῶν
1212 409 1273 461 ἐν
1289 413 1358 478 τῇ
1376 411 1519 480 οἰκίᾳ
1539 407 1626 461 ἐπὶ
1644 411 1809 461 τοῦτο
1842 415 1875 456 Β

136 489 442 546 τάττουσιν.
478 483 518 561 ἦ
533 490 672 560 γάρ;
705 488 871 544 Πάνυ
889 487 964 559 γ’,
997 493 1117 560 ἔφη.
1178 486 1405 544 Οὐκοῦν
1424 492 1602 554 ἒξεστί
1613 506 1702 544 σοι
1720 490 1813 543 ἐν-

136 570 306 628 ταῦθ’
331 571 364 628 ὅ
385 596 436 628 τι
454 569 526 628 ἄν
542 572 719 645 βούλῃ
736 578 960 640 πρῶτον
978 576 1092 626 τῶν
1106 571 1446 641 γραμμάτων
1464 571 1703 644 γράφειν
1720 572 1813 627 καὶ

137 654 171 709 ὅ
188 677 239 710 τι
262 651 334 710 ἄν
353 658 615 724 δεύτερον
629 677 639 686 ·
662 657 754 710 καὶ
773 653 1216 725 ἀναγιγνώσκειν
1234 652 1496 720 ὡσαύτως
1514 658 1699 720 ἔξεστι.
1721 656 1813 711 καὶ

137 738 376 807 ἐπειδάν,
399 736 473 803 ὠς
491 731 714 813 ἐγῷμαι,
738 735 841 809 τὴν
859 736 1037 806 λύραν
1055 733 1243 806 λάβῃς,
1266 732 1337 790 οὐ
1358 737 1736 793 διακωλύουσί
1750 754 1811 793 σε

133 818 267 876 οὔθ’
302 819 332 876 ὁ
363 819 541 893 πατὴρ
573 818 706 876 οὔθ’
739 818 773 891 ἡ
802 819 979 891 μήτηρ
1007 818 1273 874 ἐπιτεῖναί
1294 840 1351 873 τε
1379 820 1471 874 καὶ
1498 817 1713 875 άνεῖναι
1738 817 1812 891 ἣν

133 898 206 958 ἄν
220 903 397 976 βούλῃ
415 910 529 959 τῶν
543 906 778 974 χορδῶν,
799 904 889 958 καὶ
907 905 1076 971 ψῆλαι
1090 901 1180 956 καὶ
1197 900 1425 970 κρούειν
1438 907 1515 975 τῷ
1534 902 1807 977 πλήκτρῳ.

132 982 171 1056 ἧ
191 986 626 1051 διακωλύουσινς
665 984 751 1042 Οὐ
769 989 919 1057 δῆτα.
997 988 1067 1038 Τί
1079 981 1204 1039 ποτ’
1225 980 1297 1039 α”ν
1319 977 1427 1039 οὖν
1446 991 1528 1055 εἴη
1543 1026 1557 1054 ,
1582 978 1627 1040 ὦ
1644 984 1807 1057 Λύσι,

132 1066 195 1123 τὸ
227 1076 405 1124 αἴτιον
436 1066 522 1123 ὅτι
552 1070 800 1124 ἐνταῦθα
827 1066 931 1138 μὲν
960 1065 1029 1122 οὐ
1060 1066 1494 1139 διακωλύουσιν,
1534 1070 1597 1124 ἐν
1634 1064 1716 1134 οἷς
1753 1068 1811 1125 δὲ
1845 1075 1878 1120 G

135 1148 260 1216 ἄρτι
279 1152 540 1221 ἐλέγομεν
558 1150 902 1216 κωλύουσιν;
941 1147 1088 1220 Ὅτι,
1131 1150 1306 1221 οἶμαι,
1346 1156 1480 1223 ἔφη,
1517 1154 1812 1224 ταῦταμὲν

134 1235 438 1304 ἐπίσταμαι,
464 1234 646 1288 ἐκεῖνα
666 1230 716 1288 δ’
739 1232 824 1288 οὔ.
890 1231 1041 1303 Εἶεν,
1061 1226 1135 1304 ἦν
1154 1230 1204 1288 δ’
1240 1234 1375 1304 ἐγώ,
1406 1228 1452 1290 ὦ
1470 1233 1656 1305 ἄριστε
1674 1257 1684 1267 ·
1706 1233 1811 1291 οὐκ

132 1314 242 1383 ἄρα
259 1313 362 1386 τὴν
380 1312 597 1386 ἡλικίαν
617 1332 720 1370 σου
739 1318 1015 1385 περιμένει
1035 1314 1064 1371 ὁ
1087 1315 1266 1388 πατὴρ
1286 1319 1595 1387 ἐπιτρέπειν
1611 1318 1811 1388 πάντα,

132 1395 257 1453 ἀλλ’
295 1391 334 1470 ᾗ
369 1393 442 1452 ἄν
478 1394 653 1471 ἡμέρᾳ
690 1395 964 1468 ἡγήσηταί
995 1416 1057 1456 σε
1093 1402 1313 1472 βέλτιον
1349 1397 1524 1456 αὑτοῦ
1560 1412 1809 1471 φρονεῖν,

133 1479 306 1551 ταύτῃ
349 1480 626 1548 ἐπιτρέψει
672 1495 761 1534 σοι
798 1480 890 1535 καὶ
926 1478 1099 1537 αὑτὸν
1135 1485 1226 1538 καὶ
1270 1480 1338 1538 τὰ
1377 1481 1569 1539 αὐτοῦ.
1644 1482 1810 1555 Οἶμαι

134 1566 323 1633 ἔγωγε,
343 1566 465 1633 ἔφη
536 1560 695 1630 Εἶεν,
731 1555 806 1632 ἦν
834 1560 889 1617 δ’
910 1564 1044 1633 ἐγώ·
1084 1587 1133 1619 τι
1127 1566 1238 1629 ’δέ;
1275 1571 1354 1639 τῷ
1370 1559 1630 1634 γείτονι
1593 1564 1686 1635 αρ’
1711 1564 1811 1638 οὐχ

137 1644 164 1701 ὁ
204 1643 369 1710 αὐτὸς
405 1644 536 1714 ὄρος
579 1644 762 1714 ωσπερ
798 1667 871 1700 τω
912 1648 1076 1713 πατρὶ
1106 1648 1228 1714 περὶ
1267 1653 1400 1713 σούς
1439 1648 1679 1718 πότερον
1708 1655 1811 1704 οἴει

134 1727 309 1783 αὐτὸν
327 1729 638 1797 ἐπιτρέψειν
657 1745 744 1783 σοι
762 1728 866 1799 τὴν
884 1726 1059 1783 αὑτοῦ
1088 1733 1267 1784 οἰκίαν
1286 1734 1604 1801 οἰκονομεῖν
1616 1772 1632 1801 ,
1672 1729 1808 1787 ὅταν
1838 1742 1875 1785 D

134 1828 194 1866 σε
214 1808 480 1882 ἡγήσηται
499 1815 715 1881 βέλτιον
744 1813 867 1880 περὶ
901 1817 1216 1882 οἰκονομίας
1244 1814 1448 1868 ἑαυτοῦ
1478 1824 1737 1883 φρονεῖν,
1774 1810 1812 1885 ἢ

135 1891 307 1949 αὐτόν
325 1892 731 1963 ἐπιστατήσειν;
757 1890 905 1962 Ἐμοὶ
924 1895 1234 1963 ἐπιτρέψειν
1255 1893 1417 1966 οἶμαι.
1459 1900 1529 1951 Τί
1542 1893 1595 1950 δ’
1612 1920 1625 1960 ;
1642 1894 1811 1968 Ἀθη-

134 1979 326 2040 ναίους
354 1983 458 2031 οἴει
487 1993 574 2030 σοι
604 1973 707 2031 οὐκ
737 1978 1050 2047 ἐπιτρέψειν
1076 1975 1142 2031 τά
1175 1974 1390 2049 αὐτῶν,
1427 1975 1567 2033 ὅταν
1605 1981 1811 2035 αἰσθά-

134 2079 339 2113 νωνται
367 2056 453 2114 ὅτι
480 2062 683 2123 ίκανως
712 2069 964 2129 φρονεῖς,
989 2058 1214 2129 '‘l-Dyme.
1288 2058 1443 2131 Πρὸς
1460 2061 1623 2125 Διός,
1660 2055 1734 2133 ἦν
1754 2062 1807 2117 δ’

135 2141 271 2210 ἐγώ,
310 2139 428 2196 tl*
391 2163 499 2209 αρα
529 2139 558 2196 ὁ
580 2142 748 2211 μέγας
766 2142 1055 2212 βασιλεύς;
1094 2141 1333 2212 πότερον
1351 2149 1426 2217 τῷ
1448 2145 1809 2220 πρεσβυτάτω

134 2226 268 2292 υἱεῖ,
307 2215 378 2278 οὗ
406 2220 440 2293 ἡ
470 2229 566 2294 τῆς
589 2221 768 2288 Ἀσίας
795 2221 931 2294 ἀρχὴ
965 2228 1236 2293 γίγνεται,
1273 2221 1543 2294 μαλλον”
1507 2247 1579 2280 αν
1599 2229 1813 2298 ἐπιτρέ-

132 2317 287 2370 ψειεν
307 2306 593 2375 ἑψομένων
621 2311 801 2374 κρεῶν
829 2303 860 2361 ὅ
879 2326 931 2361 τι
965 2326 1037 2360 αν
1052 2305 1320 2376 βούληται
1341 2308 1598 2378 ἐμβαλεῖν
1618 2314 1695 2373 εἰς
1712 2308 1813 2365 τὸν

129 2384 385 2458 ζωμόν,“
348 2410 382 2458 η
402 2384 559 2459 ἡμῖν,
599 2393 649 2443 εἰ
666 2386 996 2458 άφικόμενοι
1025 2387 1158 2458 παρ’
1189 2389 1406 2445 ἐκεῖνον
1423 2391 1807 2461 ἐνδειξαίμεθα
1842 2403 1876 2445 E

128 2468 299 2543 αὐτῷ,
334 2470 418 2525 ὅτι
447 2469 600 2542 ἡμεῖς
621 2472 850 2526 κάλλιον
871 2475 1196 2541 φρονοῦμεν
1220 2466 1252 2542 ἦ
1284 2467 1313 2526 ὁ
1343 2469 1466 2536 υίὸς
1485 2470 1662 2528 αὐτοῦ
1683 2475 1808 2545 περὶ

128 2550 278 2619 ὄψου
306 2560 627 2621 σκευασίας;
654 2551 814 2624 Ἡμῖν
834 2557 1006 2625 δῆλον
1035 2551 1147 2623 ὅτι,
1185 2558 1305 2625 ἔφη.
1380 2557 1490 2610 Καὶ
1507 2553 1607 2610 τὸν
1626 2559 1729 2626 μέν
1747 2578 1810 2627 γε

129 2634 255 2691 οὐδ’
280 2635 352 2691 ἄν
382 2636 619 2707 σμικρὸν
639 2637 852 2692 ἐάσειεν
871 2639 1125 2708 ἐμβαλεῖν
1140 2657 1152 2670 ·
1186 2635 1329 2709 ἡμᾶς
1349 2640 1436 2707 δέ,
1475 2634 1586 2693 κᾶν
1606 2643 1657 2693 εί
1669 2644 1810 2710 βου-

131 2722 363 2787 λοίμεθα
383 2718 740 2790 δραξάμενοι,
778 2726 890 2774 τῶν
917 2717 1071 2776 ἁλῶν
1100 2719 1208 2796 ἐῴη
1230 2717 1302 2777 ἄν
1331 2723 1603 2793 ἐμβαλεῖν.
1679 2727 1810 2787 Πῶς

126 2798 235 2870 γὰρ
268 2797 367 2866 οὔ;
406 2806 473 2855 Τι’
499 2799 555 2855 δ’
586 2806 637 2856 εἰ
664 2800 795 2866 τούς
824 2801 1153 2874 ὀφθαλμοὺς
1173 2801 1201 2860 ὁ
1223 2804 1342 2868 υῑός
1362 2802 1538 2860 αὐτοῦ
1556 2802 1810 2868 άσθενοῖ,
