1962 3112
169 125 275 179 378
772 113 1253 174 ΠΛΑΤΩΝΟΣ
1712 91 1716 94 ’
1792 133 1839 178 m

172 283 267 332 μοι
287 269 470 333 εἴπῃς,
491 261 731 327 ποτέραν
751 255 1135 329 ἀποκρίνωμαι
1156 253 1244 312 οἶν
1262 254 1385 325 ἄρτι
1404 262 1595 328 ἔλεγον
1610 269 1729 314 τοῖν
1749 280 1842 314 το-

173 344 376 412 ρύναιν
393 342 716 413 πρέπουσάν
735 362 792 395 τε
813 342 903 395 καὶ
923 345 1126 394 καλλίω
1146 338 1296 394 εἶναι.

310 431 411 480 ΙΠ.
464 421 615 494 Ἀλλ’,
647 427 697 477 εἰ
722 422 942 493 βούλει,
964 419 1117 495 αὐτῷ
1146 419 1460 494 ἀπόκριναι,
1491 422 1576 478 ὅτι
1601 422 1636 494 ἡ
1667 425 1727 479 ἐκ
1747 429 1842 494 τῆς

170 513 341 578 συκῆς
361 506 705 575 εἰργασμένη.

316 594 439 644 ΣΩ.
477 590 616 656 Λέγε
637 584 702 655 δὴ
723 586 850 640 νυνὶ
871 582 902 639 ὃ
922 585 1046 654 ἄρτι
1065 590 1283 655 ἔμελλες
1300 589 1492 655 λέγειν.
1549 585 1722 659 ταύτῃ
1740 587 1841 656 μὲν

173 672 280 743 γὰρ
299 678 365 744 τῇ
385 670 684 739 ἀποκρίσει,
708 661 782 741 [ᾗ]
805 665 876 723 ἀν
897 675 984 738 φῶ
1005 667 1065 723 τὸ
1085 667 1260 723 καλὸν
1277 666 1487 738 χρυσὸν
1507 665 1662 737 εἶναι,
1675 665 1842 723 οὐδὲν

176 754 249 821 ὥς
281 756 428 811 ἔοικέ
453 776 544 825 μοι
573 752 989 822 ἀναφανήσεται
1022 750 1251 805 κάλλιον
1280 746 1348 805 ὂν
1379 748 1582 820 χρυσὸς
1609 747 1645 820 ἢ
1674 750 1840 815 ξύλον

173 836 433 891 σύκινον·
471 833 532 890 τὸ
557 834 615 889 δὲ
634 839 743 889 νῦν
763 839 817 887 τί
832 827 905 887 αὖ
919 836 1093 902 λέγεις
1107 830 1167 887 τὸ
1190 830 1362 887 καλὸν
1383 831 1545 896 εἶναι;

103 926 139 972 D
310 923 410 973 ΙΠ.
457 915 595 985 Ἐγώ
615 933 702 970 σοι
720 919 842 986 ἐρῶ.
883 920 1058 986 ζητεῖν
1077 917 1182 984 γάρ
1202 937 1295 985 μοι
1320 918 1495 979 δοκεῖς
1511 914 1767 970 τοιοῦτόν
1788 935 1840 968 τι

170 997 229 1054 τὸ
266 998 440 1054 καλὸν
477 996 914 1067 ἀποκρίνασθαι,
951 994 981 1052 ὂ
1019 1000 1286 1067 μηδέποτε
1315 995 1546 1067 ,αἰσχρὸν
1582 1001 1840 1067 μηδαμοῦ
1852 1038 1856 1041 1

169 1083 361 1153 μηδενὶ
380 1093 648 1152 φανεῖται.

312 1169 438 1219 ΣΩ.
494 1161 660 1217 Πάνυ
689 1162 790 1232 μὲν
821 1155 951 1232 οὖν,
994 1155 1037 1217 ὦ
1067 1160 1268 1217 Ἱππία·
1315 1164 1407 1216 καὶ
1434 1167 1613 1225 καλῶς
1632 1183 1695 1231 γε
1732 1167 1840 1216 νῦν

170 1245 594 1317 ὑπολαμβάνεις.

309 1334 408 1383 ΙΠ.
453 1326 652 1382 ’Ἄκουε
672 1326 766 1395 δή·
813 1323 950 1395 πρὸς
988 1323 1095 1395 γὰρ
1133 1321 1276 1379 τοῦτ’
1301 1330 1450 1393 ἴσθι,
1481 1324 1580 1379 ε’άν
1600 1347 1679 1388 τις
1697 1328 1788 1396 ἔχῃ
1810 1322 1842 1378 δ’

172 1433 222 1466 τι
241 1409 467 1481 ἀντείπῃ
480 1452 494 1480 ,
517 1409 691 1479 φάναι
711 1409 802 1479 ἐμὲ
822 1406 947 1478 μηδ’
974 1406 1164 1463 ὁτιοῦν
1183 1409 1407 1462 ἐπαΐειν.

311 1496 434 1547 ΣΩ.
473 1492 613 1560 Λέγε
633 1489 698 1560 δὴ
721 1487 793 1553 ὡς
810 1490 1031 1559 τάχιστα
1052 1487 1188 1558 πρὸς
1205 1493 1371 1543 θεῶν.

313 1580 412 1630 1Π.
452 1574 608 1642 Λέγω
628 1577 821 1627 τοίνυν
840 1575 923 1627 ἀει
941 1582 1033 1627 καί
1052 1572 1214 1626 παντὶ
1232 1572 1324 1626 καὶ
1343 1577 1627 1640 πανταχοῦ
1646 1569 1826 1627 κάλλια

173 1673 304 1712 στον
325 1654 464 1710 εἶναι
483 1651 672 1723 ἀνδρί,
692 1659 1041 1722 πλουτοῦντι,
1065 1650 1397 1723 ὑγιαίνοντι,
1419 1652 1703 1724 τιμωμένῳ
1726 1649 1831 1706 ὑπό

171 1734 595 1807 τῶνἙλλήνων,
630 1733 947 1807 ἀφικομένῳ
969 1739 1044 1798 εἰς
1063 1741 1263 1804 γῆρας,
1301 1731 1431 1798 τοὺς
1451 1731 1625 1787 αὑτοῦ
1642 1736 1838 1802 γονέας

99 1827 142 1869 -E
170 1816 597 1887 τελευτήσαντας
610 1822 788 1879 καλῶς
798 1820 1211 1884 περιστείλαντι,
1231 1812 1340 1868 ὑπὸ
1358 1821 1471 1869 τῶν
1487 1811 1664 1868 αὑτοῦ
1679 1813 1840 1884 ἐκγό-

173 1922 289 1954 νων
311 1905 489 1962 uasta-53
506 1899 596 1952 καὶ
617 1903 1044 1967 μεγαλοπρεπῶς
1062 1903 1319 1966 ταφῆναι.

309 1987 443 2037 XIV.
519 1984 641 2034 ΣΩ.
696 1976 803 2033 Ἰοὺ
825 1977 940 2048 ἰού,
975 1972 1019 2032 ὦ
1040 1976 1243 2047 Ἱππία,
1269 1971 1305 2047 ἦ
1324 1981 1649 2047 θαυμασίως
1668 1998 1725 2031 τε
1747 1980 1837 2031 καὶ

171 2062 423 2133 μεγάλως
452 2063 542 2117 καὶ
571 2059 730 2126 ἀξίως
760 2067 971 2115 σαυτοῦ
1002 2069 1244 2131 εἴρηκας·
1302 2061 1392 2114 καὶ
1427 2057 1495 2129 νὴ
1532 2056 1635 2127 τὴν
1657 2056 1837 2127 ’Ἠραν

173 2143 382 2214 ἄγαμαί
398 2161 526 2212 σου,
549 2141 631 2196 ὅτι
650 2163 742 2212 μοι
762 2145 939 2206 δοκεῖς
958 2140 1248 2211 εὐνοϊκῶς,
1270 2139 1396 2196 καθ’
1417 2139 1554 2196 ὅσον
1574 2137 1689 2204 οἶός
1707 2137 1747 2194 τ’
1772 2139 1834 2208 εἶ,

171 2231 432 2297 βοηθεῖν·
455 2222 593 2279 ἀλλά
611 2221 719 2293 γὰρ
739 2230 839 2277 τοῦ
859 2221 1063 2291 ἀνδρὸς
1082 2222 1150 2278 ού
1168 2222 1528 2292 τυγχάνομεν,
1549 2218 1662 2277 ἀλλ’
1675 2219 1835 2292 ἡμῶν

172 2305 238 2376 δὴ
260 2313 367 2361 νῦν
385 2307 476 2362 καὶ
496 2312 751 2360 πλεῖστον
770 2305 1220 2374 καταγελάσεται,
1244 2297 1307 2359 εὖ
1325 2311 1457 2359 ἴσθι.

312 2391 413 2444 ΙΠ.
461 2386 723 2457 Πονηρόν
751 2384 817 2455 γ’,
857 2380 901 2441 εὖ
920 2384 1240 2456 Σώκρατες,
1277 2387 1486 2455 γέλωτα
1499 2406 1509 2415 ·
1565 2381 1699 2438 ὅταν
1730 2382 1835 2452 γὰρ
1916 2400 1918 2405 ’

169 2467 306 2538 πρὸς
323 2474 494 2524 ταῦτα
507 2472 597 2540 ἔχῃ
609 2468 709 2538 μὲν
727 2468 898 2538 μηδὲν
910 2466 943 2522 ὅ
957 2490 1007 2522 τι
1019 2469 1167 2539 λέγῃ,
1179 2472 1312 2540 γελᾷ
1329 2467 1405 2536 δέ,
1419 2463 1592 2520 αὑτοῦ
1605 2485 1836 2534 καταγε-
1911 2461 1918 2473 ’

42 2560 142 2606 ’392
171 2549 394 2604 λάσεται
407 2551 496 2605 καὶ
507 2547 615 2605 ὑπὸ
630 2556 742 2604 τῶν
765 2550 1056 2616 παρόντων
1078 2546 1243 2612 αὐτὸς
1254 2552 1402 2603 ἔσται
1421 2548 1833 2616 καταγέλαστος.
1908 2610 1909 2613 ¹

309 2635 432 2685 Σῼ.
475 2629 635 2695 Ἴσως
654 2629 829 2694 οὕτως
860 2635 988 2700 ἔχει·
1026 2638 1158 2693 ἴσως
1177 2632 1363 2698 μέντοι
1383 2631 1472 2682 ἐπί
1495 2648 1558 2696 γε
1578 2627 1750 2697 ταύτῃ
1768 2633 1836 2696 τῇ
1916 2647 1917 2650 ’

167 2710 471 2782 ἀποκρίσει,
488 2709 562 2775 ὠς
580 2711 687 2781 ἐγώ
710 2712 1063 2781 μαντεύομαι,
1078 2709 1427 2764 κινδυνεύσει
1445 2706 1513 2762 οὐ
1531 2707 1708 2777 μόνον
1725 2729 1835 2778 μου

165 2797 488 2863 καταγελᾷν.

1752 2925 1774 2962 8
