1962 3112
0 0 702 30 er.⁷r·=›='2·⁴=·.:1v;¹·x·⁴7;j'.³-''v=t
722 0 745 20 τ’
790 0 837 22 ''·.
956 6 957 10 =

85 151 137 196 ω
723 140 1094 189 ΓΟΡΓΙΑΣ.
1651 137 1756 194 211

216 281 376 334 ΓΟΡ.
412 280 543 332 Ναί.

226 364 348 416 ΣΩ.
393 363 462 414 Τι’
478 359 563 422 δὲ;
598 356 867 429 ἐπιστήμη
888 357 1000 412 ἐστὶ
1019 354 1228 461 ψευδὴς
1247 358 1339 414 και
1356 355 1601 430 ἀληθήςς

221 447 375 498 ΓΟΡ.
415 438 708 511 Οὐδαμως.

221 530 345 581 ΣΩ.
383 530 580 594 Δῆλον
595 521 706 593 γὰρ
723 516 798 577 αὖ
819 520 906 577 ὅτι
927 519 997 578 οὐ
1015 521 1220 578 ταύτόν
1238 525 1400 579 ἐστιν.

224 614 380 664 ΓΟΡ.
417 605 624 677 Ἀληθῆ
645 607 831 676 λέγεις.

224 696 349 746 ΣΩ.
388 687 545 744 Ἀλλὰ
576 686 687 759 μὴν
719 691 775 743 οἵ
798 690 862 743 τέ
898 709 961 758 γε
990 687 1372 759 μεμαθηκότες
1404 690 1760 759 πεπεισμένοι
1789 703 1824 745 Ε

84 774 183 828 εἰσὶ
199 774 291 827 καὶ
310 774 368 826 οἱ
380 769 817 836 πεπιστευκότες.

222 860 378 910 ΓΟΡ.
408 852 558 908 Ἐστι
574 859 763 908 ταῦτα.

222 942 347 993 222.
400 935 604 991 Βούλει
630 929 739 990 οὖν
768 935 872 990 δύο
895 939 1013 1007 εἴδη
1042 942 1236 1006 θῶμεν
1265 940 1526 1004 πειθοῦς,
1567 934 1627 990 τὸ
1656 933 1758 1007 μὲν

86 1026 266 1079 πίστιν
284 1017 667 1088 παρεχόμενον
686 1016 824 1072 ἄνευ
842 1024 946 1073 τοῦ
966 1021 1171 1075 εἰδέναι
1183 1061 1198 1088 ,
1218 1016 1279 1074 τὸ
1303 1017 1357 1073 δ’
1378 1017 1708 1090 ἐπιστήμην;

221 1107 378 1158 ΓΟΡ.
415 1100 584 1155 Πάνυ
600 1120 678 1169 γε.

221 1190 347 1240 Σῼ.
384 1186 639 1253 Ποτέραν
670 1175 776 1238 οὖν
804 1180 838 1253 ἡ
860 1180 1122 1254 ῥητορικὴ
1146 1179 1324 1237 πειθώ
1357 1192 1507 1236 ποιεῖ
1520 1183 1580 1237 ἐν
1601 1185 1759 1238 δικα-

82 1274 321 1341 στηρίοις
344 1289 401 1322 τε
420 1268 509 1322 καὶ
528 1277 641 1331 τοῖς
660 1265 849 1330 ἄλλοις
867 1263 1048 1336 ὄχλοις
1068 1265 1191 1333 περὶ
1210 1269 1324 1319 τῶν
1343 1267 1572 1320 δικαίων
1590 1286 1649 1320 τε
1662 1266 1760 1322 καὶ

81 1349 319 1413 &dinam
369 1351 424 1414 ἐξ
451 1341 518 1419 ἧς
543 1345 606 1403 τὸ
631 1347 915 1403 πιστεύειν
942 1351 1187 1418 γίγνεται
1205 1344 1344 1401 ἄνευ
1372 1352 1474 1402 τοῦ
1500 1350 1702 1403 εἰδέναι
1718 1343 1757 1419 ἦ

79 1436 135 1500 ἐξ
151 1426 219 1504 ἦς
232 1430 295 1487 τὸ
316 1433 541 1495 εἰδέναις

221 1519 378 1570 ΓΟΡ.
413 1520 610 1584 Δῆλον
630 1514 842 1586 δήπου,
881 1507 927 1568 ὦ
947 1512 1267 1583 Σώκρατες,
1309 1511 1395 1569 ὅτι
1416 1516 1470 1579 ἐξ
1487 1506 1553 1584 ἧς
1582 1511 1642 1569 τὸ
1666 1533 1758 1568 πι-

82 1615 312 1654 στενειν.

224 1685 348 1735 ΣΩ.
377 1677 447 1734 Ἡ
473 1679 732 1751 ῥητορικὴ
765 1678 899 1750 ἄρα,
937 1675 1009 1743 ὡς
1028 1682 1199 1747 ἔοικε,
1236 1684 1473 1743 πειθοῦς
1493 1681 1761 1750 δημιουρ-
1787 1695 1874 1741 455

80 1763 180 1833 γός
209 1764 323 1819 ἐστι
354 1767 731 1832 πιστευτικῆς,
771 1760 884 1818 ἀλλ’
910 1758 979 1815 οὐ
1009 1763 1399 1832 διδασκαλικῆς
1424 1762 1549 1831 περὶ
1576 1760 1637 1818 τό
1674 1765 1759 1818 δί-

81 1845 208 1900 καιό
215 1866 245 1898 v
262 1866 320 1900 τε
340 1846 429 1900 καὶ
449 1843 660 1899 ἄδικον.

221 1931 275 1983 Γ
272 1932 377 1982 ΟΡ.
416 1932 544 1981 Ναί.

221 2014 345 2065 ΣΩ.
386 2006 526 2065 Οὐδ’
549 2008 657 2078 ἄρα
680 2007 1071 2076 διδασκαλικὸς
1095 2007 1125 2066 ὁ
1154 2010 1337 2082 ῥήτωρ
1359 2011 1469 2066 ἐστὶ
1501 2014 1758 2083 δικαστη-

83 2097 220 2160 ρίων
246 2113 305 2148 τε
331 2093 424 2148 καὶ
451 2098 564 2146 τῶν
593 2090 778 2146 ἄλλων
810 2089 992 2161 ὄχλων
1024 2097 1255 2149 δικαίων
1284 2113 1343 2148 τε
1372 2093 1496 2162 πέρι
1523 2095 1614 2150 καὶ
1635 2091 1759 2150 ἀδί-

12 2241 13 2244 ,
84 2196 220 2243 κων,
254 2173 392 2229 ἀλλὰ
413 2171 689 2238 πειστικὸς
724 2174 917 2245 μόνον.
966 2173 1035 2230 οὐ
1064 2173 1171 2246 γὰρ
1201 2174 1383 2245 δήπου
1413 2173 1582 2245 ὄχλον
1611 2175 1658 2247 γ’
1686 2173 1759 2231 ἂν

83 2257 311 2312 δύναιτο
349 2262 617 2310 τοσοῦτον
652 2258 714 2311 ἐν
750 2254 915 2329 ὀλίγῳ
945 2257 1127 2331 χρόνῳ
1148 2256 1360 2320 διδάξαι
1380 2254 1529 2311 οὕτω
1548 2257 1758 2328 μεγάλα

82 2340 392 2409 πράγματα.

223 2426 276 2478 Γ
273 2427 378 2477 ΟΡ.
421 2418 507 2476 Οὐ
532 2423 682 2490 δῆτα.

228 2513 289 2563 Χ.
365 2511 486 2561 ΣΩ.
538 2508 679 2572 Φέρε
701 2509 767 2575 δη
786 2547 800 2574 ,
830 2509 1036 2575 ἴδωμεν
1054 2509 1110 2559 τί
1124 2524 1254 2559 ποτε
1274 2506 1364 2561 καὶ
1383 2508 1616 2576 λέγομεν
1636 2507 1760 2574 περὶ

84 2596 179 2661 τῆς
196 2592 487 2661 ῥητορικῆς
505 2609 515 2618 ·
555 2584 663 2656 ἐγώ
694 2589 796 2656 μὲν
824 2588 931 2657 γάρ
961 2609 1044 2643 τοι
1064 2585 1186 2643 οὐδ’
1211 2585 1380 2653 αὐτός
1408 2609 1494 2643 πω
1515 2588 1759 2658 δύναμαι
1791 2605 1821 2646 B

86 2677 422 2742 κατανοῆσαι
445 2669 477 2724 ὅ
502 2692 555 2725 τι
584 2672 740 2739 λέγω.
791 2668 927 2726 ὅταν
956 2673 1078 2739 περὶ
1109 2675 1315 2740 ἰατρῶν
1343 2674 1608 2740 αἱρέσεως
1635 2663 1759 2743 ᾖτῇ

88 2753 244 2808 πόλει
265 2754 536 2823 σύλλογος
554 2749 588 2822 ἦ
610 2754 733 2821 περὶ
767 2759 1071 2824 ναυπηγῶν
1098 2750 1134 2824 ἦ
1154 2756 1276 2824 περὶ
1296 2752 1471 2810 ἄλλον
1488 2750 1640 2817 τινός
1660 2757 1760 2822 δη-

86 2840 421 2905 μιουργικοῦ
438 2838 671 2904 ἔθνους,
714 2834 846 2891 ἄλλο
875 2859 925 2891 τι
954 2831 990 2906 ἢ
1014 2834 1135 2891 τότε
1156 2832 1184 2890 ὁ
1218 2833 1510 2934 ῥητορικὸς
1529 2833 1599 2890 οὐ
1618 2853 1757 2904 συμ-

1420 2917 1469 2960 14
