2020 3094
246 126 349 181 152
863 131 1339 180 ΠΛΑΤΩΝΟΣ
1862 141 1925 185 64·

247 274 420 335 ναῖοι,
459 262 593 320 ὅταν
625 263 726 335 μὲν
756 265 879 334 περὶ
911 261 1105 333 ἀρετῆς
1133 272 1446 335 τεκτονικῆς
1463 258 1499 338 ᾗ
1519 263 1734 337 λόγοςῆ
1757 266 1926 338 ἄλλης

247 344 396 410 τινὸς
417 349 835 416 δημιουργικῆς,
876 343 1081 415 ὀλίγοις
1099 353 1307 400 οἴονται
1327 358 1566 416 μετεῖναι
1585 354 1919 419 συμβουλῆς,

188 440 222 481 Ε
252 429 341 483 καὶ
358 429 458 483 ἐάν
485 450 565 492 τις
594 427 747 492 ἐκτὸς
778 424 857 481 (ὃν
887 433 998 481 τῶν
1021 425 1222 496 ὀλίγων
1242 428 1625 500 συμβουλεύῃ,
1667 427 1771 483 οὐκ
1791 426 1921 484 ἀνέ-

248 534 462 582 χονται,
506 509 577 576 ὥς
606 509 678 567 σύ
706 512 835 583 φῄς·
876 510 1126 582 εἰκότως,
1167 510 1239 577 ὡς
1266 513 1372 583 ἐγώ
1403 534 1567 583 φημι·
1608 512 1742 568 ὅταν
1768 514 1825 569 δὲ
1846 520 1924 578 εἰς

132 599 221 647 323
253 591 580 664 συμβουλὴν
600 599 877 663 πολιτικῆς
898 592 1092 664 ἀρετῆς
1117 602 1273 649 ἴωσιν
1288 637 1300 659 ,
1340 593 1411 665 ἣν
1432 598 1517 648 δεῖ
1533 592 1620 648 διὰ
1639 594 1921 649 δικαιοσύ-

254 697 351 745 νης
381 681 567 729 πᾶσαν
597 678 735 730 ἰέναι
765 677 855 730 καὶ
877 675 1271 745 σωφροσύνης,
1319 675 1540 740 εἰκότως
1559 675 1800 739 ἅπαντος
1819 674 1918 729 ἇν-

253 755 384 824 δρός
413 753 732 826 ἀνέχονται,
775 755 849 822 ὡς
878 759 1039 812 παντὶ
1069 765 1351 827 προσῆκον
1379 758 1579 828 ταύτης
1599 780 1659 827 γε
1681 760 1923 828 μετέχειν

250 845 346 909 τῆς
366 836 577 910 ἀρετῆς,
599 836 635 910 η’
654 839 726 911 μὴ
750 839 889 895 εἶναι
914 839 1111 904 πόλεις.
1136 839 1274 909 αὕτη
1290 882 1305 910 ,
1329 833 1372 894 ὦ
1389 839 1698 910 Σώκρατες,
1719 839 1928 893 τούτου

253 925 394 975 αἰτία
411 942 421 951 ’
442 925 534 975 ἴνα
549 921 605 975 δὲ
619 919 690 991 μὴ
708 929 796 992 οἴῃ
817 919 1149 989 ἀπατᾶσθαι,
1172 919 1244 984 ὡς
1263 927 1340 993 τῷ
1359 920 1478 976 ὄντι
1495 918 1759 991 ἡγοῦνται
1779 919 1922 973 πάν-

249 1022 335 1066 τες
367 1001 660 1070 ἄνθρωποι
690 1003 870 1056 πάντα
900 1000 1077 1072 ἄνδρα
1103 1005 1343 1073 μετέχειν
1372 1002 1725 1072 δικαιοσύνης
1755 1022 1812 1056 τε
1831 1002 1920 1055 καὶ

250 1088 344 1152 τῆς
365 1081 530 1152 ἄλλης
551 1089 829 1153 πολιτικῆς
849 1079 1069 1153 ἀρετῆς,
1106 1082 1231 1138 τόδε
1261 1086 1333 1137 αὐ
1364 1083 1495 1154 λαβὲ
1513 1083 1819 1185 τεκμήριον.
1862 1082 1923 1135 ἐν

250 1165 358 1236 γὰρ
389 1178 502 1230 ταῖς
532 1165 717 1230 άλλαις
754 1163 996 1235 ἀρεταις,
1043 1164 1227 1233 ω’σπερ
1260 1164 1330 1219 σύ
1360 1168 1554 1234 λέγεις,
1594 1163 1692 1219 ε’άν
1728 1185 1808 1226 τις
1845 1168 1924 1233 φῇ

252 1243 465 1316 ἀγαθὸς
484 1244 722 1317 αὐλητὴς
741 1245 905 1317 εἶναι,
952 1243 983 1317 ἦ
1012 1245 1187 1317 άλλην
1216 1245 1483 1317 ἡντινοῦν
1501 1248 1723 1315 τέχνην,
1760 1242 1831 1314 ὴν
1850 1241 1926 1314 μή

186 1337 220 1378 Β
253 1328 417 1398 ἐστιν,
440 1324 475 1398 ἦ
497 1325 912 1398 καταγελωσιν
887 1326 922 1397 η’
942 1334 1348 1397 χαλεπαίνουσι,
1370 1329 1460 1383 καὶ
1482 1330 1536 1381 οι
1552 1331 1738 1381 οικεῖοι
1756 1345 1926 1391 προς-

253 1407 426 1473 ιόντες
448 1415 819 1464 νουθετοῦσιν
842 1407 913 1474 ὡς
932 1409 1272 1479 μαινόμενον
1286 1430 1297 1440 ·
1333 1411 1395 1463 ἐν
1414 1409 1472 1463 δὲ
1493 1407 1816 1479 δικαιοσύνῃ
1835 1406 1925 1460 καὶ

252 1491 314 1544 ἐν
332 1496 400 1562 τῇ
419 1488 556 1562 ἄλλῃ
576 1497 830 1562 πολιτικῇ
851 1489 1045 1561 ἀρετῇ,
1090 1490 1188 1544 ε’άν
1206 1512 1329 1545 τινα
1349 1491 1438 1545 καὶ
1460 1493 1679 1544 εἰδῶσιν
1701 1487 1782 1543 ὅτι
1802 1486 1924 1541 ἅδι-

250 1568 349 1634 κός
368 1572 531 1639 ἐστιν,
553 1569 651 1625 ἐὰν
669 1565 829 1635 οὗτος
850 1568 1015 1634 αὐτὸς
1034 1569 1171 1625 καθ’
1191 1568 1364 1625 αὑτοῦ
1383 1568 1600 1640 τάληθῆ
1614 1571 1745 1640 λέγῃ
1761 1571 1925 1623 ἐναν-

251 1657 370 1707 τίον
400 1658 652 1724 πολλῶν,
688 1651 717 1707 ὂ
749 1655 861 1707 ἐκεῖ
875 1652 1251 1722 σωφροσύνην
1270 1650 1510 1722 ἡγοῦντο
1533 1650 1687 1721 εἶναι,
1710 1649 1926 1721 τάληθῆ

252 1736 460 1804 λέγειν,
500 1737 748 1789 ἐνταῦθα
784 1741 1015 1804 μανίαν,
1056 1739 1150 1788 καί
1183 1750 1319 1804 φασι
1354 1733 1563 1797 πάντας
1601 1737 1715 1787 δεῖν
1752 1733 1924 1802 φάναι

254 1811 393 1868 εἶναι
432 1818 706 1883 δικαίους,
744 1814 842 1869 ἐάν
870 1836 926 1868 τε
959 1807 1096 1868 αἷσιν
1126 1814 1223 1868 ἐάν
1242 1835 1298 1868 τε
1315 1814 1417 1884 μή,
1455 1812 1491 1883 ἦ
1510 1821 1806 1883 μαίνεσθαι
1824 1811 1926 1867 τὸν

253 1893 325 1966 μὴ
347 1893 832 1964 προσποιούμενον
862 1894 1245 1964 δικαιοσύνην·
1287 1892 1358 1957 ὡς
1389 1892 1693 1962 ἀναγκαῖον
1724 1891 1925 1947 οὐδένα

196 1982 226 2024 C
257 1972 434 2030 ὅντιν’
473 1971 593 2045 οὐχὶ
627 1972 775 2046 ἁμῶς
805 1979 871 2045 γέ
887 1996 1002 2039 πως
1022 1977 1262 2045 μετέχειν
1283 1974 1477 2045 αὐτῆς,
1516 1971 1553 2044 ἢ
1581 1973 1652 2044 μῆ
1692 1973 1829 2029 εἶναι
1865 1976 1926 2028 ἐν

254 2054 591 2124 ἀνθρώποις,

393 2141 522 2190 ΧΙΙΙ.
586 2135 703 2192 Ὅτι
731 2140 833 2209 μὲν
862 2132 970 2193 οὖν
999 2137 1165 2193 πάντ’
1187 2138 1364 2207 ἄνδρα
1384 2138 1605 2203 εἰκότως
1624 2136 1927 2207 άποδέχον-

254 2239 341 2272 ται
370 2221 493 2290 περὶ
523 2219 724 2290 ταύτης
750 2227 846 2290 τῆς
876 2219 1070 2291 άρετῆς
1099 2220 1421 2292 σύμβουλον
1450 2218 1538 2275 διὰ
1570 2219 1630 2275 τὸ
1668 2218 1923 2291 ἡγεῖσθαι

254 2301 417 2355 παντὶ
437 2313 676 2370 μετεῖναι
696 2299 900 2400 αὐτῆς,
902 2309 1073 2356 ταῦτα
1091 2305 1256 2372 λέγω·
1289 2301 1371 2357 ὅτι
1399 2302 1456 2357 δε
1477 2299 1652 2371 αὐτὴν
1673 2299 1740 2356 ού
1762 2300 1926 2369 φύσει

251 2377 517 2452 ἡγουνται
550 2380 690 2437 εἶναι
710 2380 833 2437 οὐδ’
869 2381 975 2437 άπὸ
998 2390 1098 2437 τοῦ
1126 2381 1467 2453 αὐτομάτου,
1505 2380 1643 2437 ἀλλὰ
1665 2379 1925 2436 διδακτόν

252 2483 310 2516 τε
339 2464 429 2518 καὶ
460 2465 514 2530 ἐξ
544 2467 845 2535 ἐπιμελείας
876 2470 1315 2534 παραγίγνεσθαι
1345 2486 1386 2518 ω
1420 2460 1489 2518 ἀν
1509 2468 1922 2532 παραγίγνηται,

252 2546 418 2600 τοῦτο’
459 2564 547 2600 σοι
582 2546 715 2617 μετιὶ
754 2553 917 2601 τοῦτο
968 2547 1295 2616 πειράσομαι
1332 2521 1625 2610 άποδεῖξαι.
1678 2542 1779 2596 όσα
1817 2564 1928 2612 γαρ

189 2638 223 2680 D
251 2626 518 2699 ἡγοῦνται
549 2628 821 2700 ἀλλήλους
851 2628 991 2685 κακὰ
1023 2635 1166 2700 ἔχειν
1187 2628 1478 2698 ἅνθρωποι
1507 2626 1672 2697 φύσει
1702 2621 1738 2696 ἦ
1769 2626 1924 2696 τύχῃ,

256 2710 440 2776 οὐδεὶς
458 2719 738 2782 θυμοῦται
758 2712 889 2767 οὐδὲ
909 2722 1171 2768 νουθετεῖ
1186 2710 1314 2767 οὐδὲ
1338 2710 1584 2765 διδάσκει
1603 2707 1733 2763 οὐδὲ
1756 2708 1924 2762 κολά-

254 2795 329 2857 ζει
351 2791 480 2857 τούς
499 2799 670 2847 ταῦτα
695 2797 931 2866 ἔχοντας,
952 2798 1043 2848 ἵνα
1062 2794 1134 2865 μὴ
1156 2798 1394 2848 τοιοῦτοιΥ
1418 2783 1571 2859 οἷσιν,
1593 2786 1715 2843 ἀλλ’
1738 2793 1922 2843 ἐλεοῦ-
