1962 3112
45 67 187 173 m..
390 79 415 142 ἶ
512 84 522 93 ²
577 86 581 89 ’
655 75 1067 163 'toftum
1616 112 1721 166 301

43 271 144 315 ους
161 248 592 319 έθερᾰπευεν,”
566 269 660 302 ινα
689 245 865 302 αὐτοῦ
895 247 1076 302 δέκετ’
1047 253 1191 306 ετῶν
1208 269 1286 324 μη
1304 245 1608 316 ἀκούσειαν
1625 255 1725 319 τῆς

43 338 261 402 φωνῆς;
281 330 372 386 καὶ
393 331 763 400 Θεμιστοκλέα
788 325 958 384 ταύτὰ
977 335 1149 384 ταῦτα
1169 331 1436 399 ἐποίησαν
1453 332 1544 385 καὶ
1565 337 1719 402 φυγῇ

42 412 182 481 πρὸς
208 414 538 483 ἑζημίωσανς
572 409 890 482 Μιλτιάδην
908 410 968 466 δὲ
1000 409 1099 466 τὸν
1127 413 1190 466 έν
1207 417 1534 484 Μαραθῶνι
1553 416 1628 477 εἰς
1648 410 1709 468 τὸ
1745 425 1779 467 Ε

43 492 336 564 βάραθρον
356 495 615 564 ἐμβαλεῖν
633 492 1006 563 ἐψηφίσαντο,
1046 494 1137 548 καὶ
1166 498 1217 548 εί
1231 490 1305 563 μὴ
1338 492 1428 548 διὰ
1449 491 1548 548 τὸν
1569 492 1720 562 πρύ-

40 594 229 645 τανιν,
268 577 527 630 ἐνέπεσεν
545 595 647 641 αν;
696 578 874 629 καίτοι
902 567 1087 642 οὗτοι,
1126 577 1177 628 εἰ
1191 567 1340 644 ἦσαν
1358 573 1560 645 α’νδρες
1578 596 1719 645 αγα-

39 661 165 720 θοί,
205 652 279 720 ὥς
297 653 369 710 σύ
390 655 524 728 φῄς,
562 653 667 711 οὐκ
689 654 763 711 ἄν
779 676 910 711 ποτε
929 661 1101 710 ταῦτα
1129 659 1384 726 ἔπασχον.
1438 653 1649 712 οὔκουν
1668 660 1727 712 οἵ

38 758 103 808 γε
123 735 328 807 ἀγαθοὶ
344 735 559 809 ἡνίοχοι
578 736 687 792 κατ’
712 735 883 807 ἀρχὰς
900 738 1001 808 μὲν
1022 734 1127 792 οὐκ
1147 739 1508 792 ἐκπίπτουσιν
1526 740 1586 793 έκ
1603 742 1720 793 τῶν

0 846 4 878 ἵ
39 823 280 889 ζευγῶν,
317 816 542 875 ἐπειδᾶν
572 819 631 875 δὲ
659 820 1050 890 θεραπεύσωσι
1069 819 1200 882 τούς
1229 821 1433 883 ἵππους
1448 820 1540 874 καὶ
1559 817 1718 875 αὐτοὶ

0 917 2 921 ·
40 898 302 970 ἀμείνους
335 903 605 970 γένωνται
637 897 877 971 ἡνίοχοι,
916 896 1021 954 τότ’
1041 901 1423 955 ἐκπίπτουσιν·
1461 898 1567 956 οὐκ
1604 904 1719 956 ἔστι

40 979 198 1036 ταῦτ’
223 979 346 1037 οὔτ’
369 984 430 1037 ἐν
454 979 701 1055 ἡνιοχεία
731 979 851 1037 οὔτ’
879 983 941 1037 ἐν
960 979 1109 1054 ἄλλῳ
1131 984 1272 1051 ἔργῳ
1304 980 1498 1037 οὐδενί
1507 1000 1518 1010 ·
1561 978 1599 1053 ἢ
1620 985 1719 1038 δο-

40 1075 128 1119 κεῖ
141 1082 230 1120 σοι
243 1087 260 1131 ;

182 1151 353 1202 ΚΑΛ.
404 1144 526 1202 Οὐκ
545 1149 742 1217 ἔμοιγε.

184 1233 310 1284 ΣΩ.
351 1225 602 1299 Ἀληθετς
621 1226 756 1297 ἄρα,
794 1225 869 1292 ὠς
899 1231 1107 1298 ἔοικεν,
1147 1231 1204 1283 οἱ
1222 1232 1542 1298 ἔμπροσθεν
1559 1227 1718 1297 λόγοι

41 1303 202 1382 ἦσαν,
234 1309 319 1366 ὅτι
350 1308 553 1366 οὐδένα
570 1308 723 1381 ἡμεῖς
743 1317 903 1381 ἴσμεν
922 1308 1100 1379 ἄνδρα
1119 1308 1342 1379 ἀγαθὸν
1359 1308 1628 1380 γεγονότα
1647 1308 1713 1364 τὰ
1744 1330 1829 1378 517

40 1390 293 1447 πολιτικὰ
324 1394 388 1447 ἐν
413 1394 544 1464 τῇδε
573 1397 639 1464 τῇ
661 1391 834 1447 πόλει.
902 1389 974 1445 σύ
996 1391 1055 1446 δὲ
1076 1388 1377 1463 ὡμολόγεις
1394 1397 1510 1446 τῶν
1524 1412 1588 1462 γε
1607 1396 1719 1446 νῦν

41 1473 274 1547 οὐδένα,
309 1482 423 1532 τῶν
458 1477 645 1546 μέντοι
679 1479 1025 1545 ἔμπροσθεν,
1063 1476 1154 1531 καὶ
1190 1480 1452 1544 προείλου
1486 1473 1723 1541 τούτουςο

40 1555 175 1623 τούς
191 1557 427 1628 ἄνδρας·
462 1551 616 1614 οὗτοι
647 1558 705 1613 δὲ
737 1555 1100 1628 ἀνεφάνησαν
1130 1559 1183 1623 ἐξ,
1202 1565 1330 1613 ἴσου
1347 1568 1462 1621 τοῖς
1487 1562 1599 1612 νῦν
1618 1554 1720 1612 ὅν·-

38 1661 157 1712 τες,
195 1640 363 1710 ὥστε,
401 1646 455 1696 εί
480 1634 638 1697 οὗτοι
667 1639 894 1711 ῥήτορες
911 1634 1084 1711 ἦσαν,
1123 1638 1252 1695 οὔτε
1270 1647 1337 1712 τῇ
1356 1637 1597 1712 ἀληθινῇ
1618 1640 1720 1710 ῥη-

41 1728 233 1796 τορικῇ
264 1725 503 1794 ἐχρῶντο
537 1757 598 1765 -
630 1721 699 1778 ού
726 1721 833 1792 γὰρ
862 1722 935 1777 ἄν
974 1725 1230 1789 ἐξέπεσον
1259 1756 1329 1762 -
1359 1719 1489 1776 οὔτε
1518 1728 1587 1793 τῇ
1614 1743 1716 1777 κο·-

40 1810 254 1876 λακικῇ.

181 1892 403 1943 Lxxm.
475 1893 648 1944 KAA.
705 1887 868 1945 Ἀλλὰ
887 1892 1075 1960 μέντοι
1090 1893 1302 1944 πολλοῦ
1318 1908 1380 1957 γε
1401 1889 1498 1957 δεῖ,
1523 1879 1567 1941 ὦ
1586 1887 1720 1943 Σώ-

113 1992 253 2041 ατες,
278 1972 355 2043 μή
380 1975 518 2029 ποτέ
530 1995 611 2039 τις
626 1978 742 2029 τῶν
762 1979 870 2029 νῦν
893 1977 1026 2043 ἔργα
1046 1978 1271 2028 τοιαῦτα
1291 1969 1606 2041 ἐργάσηται,
1627 1965 1719 2026 οἶα

71 2053 260 2110 ούτων
278 2050 339 2118 ὃς
354 2054 547 2125 βούλει
565 2063 861 2126 εἴργασται.
1748 2061 1782 2103 Β

184 2141 308 2193 ΣΩ.
349 2130 411 2194 Ὦ
431 2139 678 2209 δαιμόνιε
693 2182 708 2208 ,
728 2137 851 2194 οὐδ’
875 2135 980 2208 ἐγώ
1003 2141 1150 2207 ψέγω
1170 2136 1405 2202 τούτους
1425 2134 1499 2202 ὥς
1516 2156 1578 2206 γε
1599 2139 1720 2191 δια-

93 2218 244 2285 ’νους
262 2218 402 2275 εἶναι
428 2221 667 2290 πόλεως,
709 2218 847 2276 ἄλλα
875 2241 970 2292 μοι
992 2222 1223 2275 δοκοῦσι
1242 2225 1354 2274 τῶν
1386 2240 1448 2288 γε
1468 2224 1578 2273 νῦν
1599 2220 1715 2273 δια-

148 2302 402 2372 ικώτεροι
438 2306 725 2373 γεγονέναι
755 2304 845 2358 καὶ
876 2308 1090 2374 μᾶλλον
1118 2297 1298 2356 οἷοίτε
1328 2303 1630 2371 ἐκπορίζειν
1651 2306 1721 2374 τῇ

104 2385 204 2442 ’λει
235 2378 316 2440 ὦν
345 2386 640 2456 ἐπεθύμει·
686 2384 824 2441 ἀλλὰ
855 2382 963 2455 γὰρ
995 2382 1376 2455 μεταβιβάζειν
1407 2381 1502 2448 τὰς
1519 2385 1725 2439 ἐπιθυ-

204 2468 296 2523 καὶ
331 2465 405 2539 μή
441 2470 779 2538 ἐπιτρέπειν,
834 2473 1126 2530 πείθοντες
1161 2466 1251 2520 καὶ
1286 2465 1600 2536 βιαζόμενοι
1635 2466 1720 2522 ἐπὶ

123 2554 146 2567 ‘
177 2571 226 2619 o,
245 2547 388 2605 ὅθεν
406 2555 640 2621 ἔμελλον
657 2547 919 2621 ἀμείνους
933 2555 1160 2605 ἔσεσθαι
1175 2551 1231 2603 οἱ
1246 2554 1481 2619 πολῖται,
1499 2545 1571 2614 ὡς
1590 2552 1720 2613 ἔπος

136 2643 235 2704 etv,
248 2630 416 2689 οὐδὲν
434 2632 651 2688 τούτων
670 2636 931 2702 διέφερον
950 2634 1173 2687 ἐκεῖνοι·
1196 2629 1335 2702 ὅπερ
1353 2631 1532 2702 μόνον
1553 2635 1720 2701 ἔργον
1755 2651 1786 2693 c

109 2717 196 2771 τὶν
214 2712 439 2786 ἀγαθοῦ
453 2721 697 2772 πολίτου.
755 2722 893 2780 ναῦς
923 2715 980 2771 δὲ
1002 2716 1091 2771 καὶ
1119 2720 1265 2786 τείχη
1294 2715 1385 2770 καὶ
1406 2713 1610 2784 νεώρια
1632 2714 1724 2769 καὶ

120 2803 188 2852 λα
226 2797 402 2854 πολλὰ
440 2806 668 2855 τοιαῦτα
706 2801 797 2854 καὶ
832 2798 938 2861 ἐγώ
970 2814 1058 2854 σοι
1085 2795 1337 2870 ὁμολογῶ
1379 2799 1726 2865 δεινοτέρους
