1962 3112
209 114 309 167 [84
814 118 1286 168 ΠΛΑΤΩΝΟΣ
1811 132 1871 177 96

205 272 284 314 τις
305 253 442 315 ἴδιος
462 248 624 305 οὐσία
643 251 732 305 καὶ
751 256 975 320 πρᾶγμα
995 253 1121 320 ἕχον
1141 252 1341 308 ἑαυτοῦ
1362 253 1642 325 δύναμιν’
1620 259 1870 326 ἕκαστον,

206 328 310 386 οὐκ
339 352 405 385 ον
434 325 554 386 οἷον
580 328 640 385 τὸ
666 332 863 434 ἕτερον
893 328 1078 385 αὐτῶν
1099 329 1158 387 τὸ
1180 333 1396 405 ἕτερον;
1435 339 1656 408 ἔφησθα
1674 330 1775 392 οὖν
1794 335 1866 392 σὺ

207 409 310 466 οὐκ
330 409 572 481 ὀνόματα
597 413 683 466 ε’πὶ
703 411 783 467 ἑνὶ
806 409 973 480 εἶναι,
1012 409 1150 466 ἀλλά
1184 413 1416 469 ἕκαστον
1447 420 1565 490 ἰδίῳ
1595 418 1867 488 πράγματι

145 505 176 546 c
206 498 318 546 τῶν
346 489 638 562 ὀνομάτων
665 491 880 547 τούτων
907 495 1242 564 ἐπικεῖσθαι,
1282 495 1461 550 πάντα
1490 497 1738 553 δὲταῦτα
1763 499 1866 568 μό·-

206 597 296 644 ρια
317 572 507 629 εἶναι’
475 582 687 646 αρετῆς,
711 573 809 646 οὐχ
830 598 902 640 ως
919 574 986 630 τὰ
1006 582 1106 631 τοῦ
1124 583 1334 646 χρυσοῦ
1355 578 1519 649 μόρια
1538 579 1698 677 ὅμοιά
1720 583 1872 636 ἐστιν

203 655 461 726 ἀλλήλοις
483 657 575 712 καὶ
597 664 674 730 τῷ
694 655 804 732 όλω
826 649 896 712 οὗ
914 656 1080 728 μόριά
1100 660 1264 725 ἐστιν,
1286 657 1407 714 ἀλλ’
1435 657 1507 724 ὡς
1524 660 1587 715 τά
1608 683 1705 716 του
1729 682 1870 730 προ-

204 737 397 793 σώπου
435 739 600 808 μόρια
639 740 730 794 καὶ
766 761 839 793 τω
872 738 982 812 ὅλῳ
1014 761 1082 794 ου
1111 739 1279 810 μόριά
1308 742 1452 795 ἐστιν
1487 744 1576 796 καὶ
1614 740 1876 812 ἀλλήλοις

203 818 440 890 ἀνόμοια
454 862 468 888 ,
513 823 659 875 ἰδίαν
684 822 884 875 ἕκαστα
917 820 1156 890 δύναμιν
1175 824 1382 890 ἔχοντα.
1403 828 1572 876 ταῦτα
1593 827 1642 877 εἰ
1659 827 1760 892 μέν
1780 839 1866 877 σοι

207 905 358 956 δοκεῖ
376 905 455 956 ἔτι
475 900 659 970 ὥσπερ
680 901 829 970 τότε,
861 901 1007 971 φάθι
1021 923 1031 932 ·
1064 907 1114 956 εἰ
1130 902 1189 957 δὲ
1208 900 1386 966 ἄλλως
1404 922 1540 970 πως,
1564 910 1726 959 τοῦτο
1748 903 1862 958 διό-

204 998 367 1051 ρισαι,
384 979 454 1046 ὦς
472 986 642 1053 ἔγωγε
663 981 828 1038 οὐδέν
850 1001 937 1038 σοι
958 979 1237 1052 ὑπόλογον
1256 988 1492 1055 τίθεμαι,
1514 984 1611 1039 ε’άν
1633 1005 1708 1056 πῃ
1728 983 1871 1056 ἄλλῃ.

204 1069 310 1117 νῦν
332 1062 513 1134 φήσῃς
529 1085 539 1096 ·
579 1061 647 1118 οὐ
666 1063 770 1134 γάρ
792 1059 864 1119 ἂν
882 1062 1244 1134 θαυμάζοιμι,
1284 1069 1333 1120 εἰ
1347 1064 1467 1120 τότε
1487 1063 1865 1135 ἀποπειρώμε-

139 1159 171 1199 D
204 1143 300 1209 νός
320 1165 429 1213 μου
448 1151 620 1199 ταῦτα
641 1149 834 1215 ἔλεγες.

339 1231 568 1284 XXXIV.
617 1224 761 1282 Ἀλλ’
785 1228 891 1297 ἐγώ
913 1245 1015 1295 σοι,
1037 1230 1168 1298 ἔφη,
1190 1229 1329 1296 λέγω
1345 1269 1359 1297 ,
1382 1220 1425 1282 ὦ
1442 1227 1762 1298 Σώκρατες,
1784 1224 1868 1282 ὅτι

200 1314 372 1364 ταῦτα
392 1308 570 1363 πάντα
592 1309 758 1380 μόρια
777 1312 878 1381 μέν
900 1312 1048 1365 ἐστιν
1067 1308 1288 1381 ἀρετῆς,
1324 1312 1414 1364 καὶ
1434 1311 1499 1364 τοὶ
1520 1310 1622 1380 μὲν
1639 1314 1865 1378 τέτταρα

202 1388 386 1445 αὐτῶν
403 1393 650 1456 ἐπιεικῶς
668 1392 1018 1490 παραπλήσια
1038 1389 1291 1462 ἀλλήλοις
1327 1394 1491 1461 ἐστίν,
1512 1390 1544 1462 ἡ
1565 1389 1623 1445 δὲ
1641 1389 1867 1458 ἀνδρεία

201 1472 351 1526 πάνυ
380 1471 523 1527 πολὺ
556 1475 821 1543 διαφέρον
851 1473 1076 1528 πάντων
1093 1472 1322 1528 τούτων.
1361 1466 1466 1527 ωδε
1487 1471 1544 1526 δὲ
1562 1470 1765 1541 γνώσει
1784 1468 1868 1524 ότι

201 1553 308 1624 ἐγώ
338 1553 523 1625 ἀληθῆ
551 1557 716 1624 λέγω·
757 1551 1006 1625 εὑρήσεις
1031 1552 1137 1624 γὰρ
1158 1551 1399 1617 πολλοὺς
1417 1574 1528 1607 των
1548 1550 1874 1618 ἀνθρώπων

204 1635 577 1700 ἀδικωτάτους
607 1636 709 1707 μὲν
739 1635 901 1700 ὄντας
923 1637 1013 1692 καὶ
1034 1634 1439 1698 ἀνοσιωτάτους
1456 1634 1546 1689 καὶ
1565 1631 1869 1688 ἀκολαστο-

201 1718 400 1782 τάτους
429 1719 520 1772 καὶ
551 1716 995 1788 ἀμαθεστάτους,
1037 1715 1458 1785 ἀνδρειοτάτους
1491 1714 1550 1769 δὲ
1569 1713 1869 1783 διαφερόν-

135 1815 169 1858 Ε
200 1821 317 1863 τως.
375 1798 500 1868 ’Ἑχε
530 1799 626 1868 δή,
664 1802 804 1868 ἔφην
825 1799 937 1870 ἐγώ
954 1822 964 1833 ·
1005 1797 1158 1862 ἄξιον
1187 1798 1294 1868 γάρ
1313 1819 1398 1851 τοι
1415 1797 1814 1862 ἐπισκέψασθαι
1836 1792 1869 1849 δ’

199 1884 387 1950 λέγεις.
412 1878 649 1947 πότερον
666 1880 795 1943 τούς
815 1878 1102 1949 ἀνδρείους
1120 1879 1467 1949 θαρραλέους
1486 1881 1658 1946 λέγεις
1676 1873 1711 1947 ἦ
1730 1875 1863 1931 ἄλλο

199 1983 277 2028 τι;
313 1962 422 2016 Καὶ
446 1968 560 2024 ἰτας
586 1982 676 2030 γε,
717 1965 848 2031 ἔφη,
889 1958 978 2030 ἐφ’
1017 1958 1052 2014 ὁὶ
1081 1963 1136 2015 οἱ
1162 1960 1352 2014 πολλοὶ
1384 1964 1690 2029 φοβοῦνται
1710 1958 1862 2012 ἰέναι.

202 2045 343 2110 Φέρε
373 2042 468 2112 δή,
503 2041 606 2113 τὴν
635 2040 837 2112 ἀρετὴν
864 2042 1038 2096 καλόν
1065 2064 1116 2095 τι
1147 2040 1254 2112 φῂς
1283 2039 1450 2109 εἶναι,
1489 2041 1579 2095 καὶ
1601 2036 1671 2103 ὡς
1690 2044 1866 2093 καλοῦ

201 2123 363 2187 ὄντος
381 2120 554 2177 αὐτοῦ
575 2121 646 2177 σύ
668 2123 1002 2177 διδάσκαλον
1020 2122 1227 2176 σαυτὸν
1246 2124 1518 2191 παρέχεις;
1554 2120 1871 2177 Κάλλιστον

201 2205 302 2276 μὲν
324 2227 455 2275 ουν,
495 2210 627 2275 ἔφη,
668 2202 805 2275 εἰμὴ
831 2208 1096 2275 μαίνομαί
1110 2225 1188 2274 γε.
1231 2203 1511 2271 Πότερον
1539 2196 1669 2272 οὐν,
1708 2195 1780 2271 ἦν
1811 2197 1862 2254 δ’

200 2288 338 2358 ἐγώ,
360 2285 420 2343 τὸ
442 2289 544 2357 μέν
563 2309 614 2341 τι
636 2285 811 2342 αὐτου
831 2283 1174 2356 αἰσχρόν,τὸ
1195 2287 1257 2338 δέ
1271 2307 1322 2338 τι
1340 2283 1538 2353 καλόν,
1557 2279 1594 2353 ἦ
1613 2281 1745 2338 ὅλον
1764 2304 1868 2336 κα·
1944 2340 1945 2355 2

200 2369 332 2435 λόν;
356 2368 522 2424 Ὅλον
552 2388 662 2423 που
693 2367 869 2423 καλὸν
886 2366 971 2431 ὡς
1001 2363 1121 2422 οἷόν
1149 2388 1206 2421 τε
1227 2365 1478 2436 μάλιστα.
1557 2361 1739 2418 Οἶσθα
1760 2383 1866 2416 ουν

87 2463 175 2509 350
200 2456 343 2515 τίνες
372 2456 447 2515 εἰς
476 2449 541 2506 τὰ
563 2455 772 2521 φρέατα
801 2456 1120 2522 κολυμβῶσι
1138 2450 1490 2518 θαρραλέως;
1512 2444 1745 2516 Ἔγωγε,
1781 2443 1866 2499 ὅτι
1939 2445 1943 2497 ἱ

203 2536 259 2587 οἷ
274 2538 626 2602 κολυμβηταί.
701 2532 951 2601 Πότερον
981 2532 1117 2587 διότι
1147 2534 1462 2587 ἐπίστανται
1478 2524 1514 2597 ἦ
1534 2526 1607 2582 δι’
1630 2526 1762 2582 ἄλλο
1785 2549 1863 2591 τι;

188 2611 304 2668 ’Ότι
325 2614 651 2668 ἐπίστανται.
733 2619 887 2677 Τίνες
908 2616 966 2667 δὲ
986 2611 1092 2667 ἀπὸ
1113 2618 1224 2666 τῶν
1241 2614 1426 2666 ἵππων
1446 2615 1702 2677 πολεμεῖν
1719 2615 1866 2675 θαρ-

202 2695 386 2761 ραλέοι
406 2698 536 2760 εἰσί;
575 2693 812 2764 πότερον
843 2696 895 2748 οἱ
923 2694 1133 2748 ἱππικοὶ
1159 2688 1195 2761 ἦ
1227 2695 1281 2746 οἱ
1309 2689 1572 2759 ἅφιπποις
1607 2691 1679 2743 Oc
1712 2691 1868 2742 ίππι-
1921 2689 1937 2761 ζ.

200 2781 301 2830 κοί.
382 2779 537 2838 Τίνες
577 2774 635 2829 δὲ
672 2775 870 2838 πέλτας
908 2777 1145 2844 ἔχοντες;
1183 2775 1238 2826 οἱ
1265 2772 1605 2826 πελταστικοὶ
1634 2765 1668 2839 ἢ
1689 2772 1744 2823 οἰ
1758 2769 1834 2839 μή
1848 2791 1863 2831 3
1924 2791 1935 2834 j·
