1962 3112
0 165 3 169 ·
26 95 33 100 ·
68 142 147 186 101
707 133 1009 181 ΓΟΡΓΙΑ
1020 133 1079 179 Σ.
1640 130 1747 182 299

61 273 143 324 ἔτι
163 284 251 324 σοι
269 271 535 323 δοκοῦσιν
553 264 759 336 ἀγαθοὶ
777 273 993 322 πολῖται
1011 266 1328 336 γεγονέναι,
1357 271 1634 337 Περικλῆς
1655 267 1746 321 καὶ
1777 269 1810 311 D

66 355 263 420 Κίμων
281 350 372 405 καὶ
390 348 702 419 Μιλτιάδης
722 350 813 403 καὶ
832 353 1219 418 Θεμιστοκλῆς.

204 436 379 488 ΚΑΛ.
421 428 654 502 Ἔμοιγε.

204 518 329 570 ΣΩ.
386 511 618 569 Οὐκοῦν
636 520 790 581 εἴπερ
821 510 1031 582 ἀγαθοί
1041 555 1055 582 ,
1091 516 1267 583 δῆλον
1285 511 1370 568 ὅτι
1388 513 1616 579 ἕκαστος
1635 509 1742 568 αύ-

62 602 174 652 τῶν
201 600 453 668 βελτίους
481 598 651 650 ἐποίει
680 591 811 658 τοὺς
838 599 1061 658 πολίτας
1091 593 1210 650 ἀντὶ
1230 594 1518 665 χειρόνων.
1569 599 1742 652 ἐποίει

59 675 98 750 ἦ
117 678 187 735 οὔ
200 703 214 745 ;

203 769 375 819 ΚΑΛ.
424 760 637 817 Ἐποίει.

204 849 330 900 ΣιΩ..
390 842 619 899 Οὐκοῦν
637 839 728 897 ὅτε
748 847 1025 911 Περικλῆς
1041 840 1238 912 ἤρχετο
1259 843 1441 910 λέγειν
1459 843 1520 896 ἐν
1541 849 1621 915 τῷ
1639 842 1740 914 δή-

0 921 3 954 ἷ
60 948 147 1001 μω
160 968 176 996 ,
195 931 413 997 χείρους
431 918 581 996 ἦσαν
603 926 660 978 οἶ
670 920 952 993 Ἀθηναῖοι
969 918 1007 992 ἢ
1025 919 1116 977 ὅτε
1135 918 1202 976 τοὶ
1221 929 1504 977 τελευταῖα
1523 927 1739 994 ἔλεγεν;

201 1012 373 1062 ΚΑΛ.
418 1005 586 1070 Ἴσως.

202 1094 327 1145 ΣΩ.
385 1086 504 1145 Οὐκ
527 1096 660 1152 ἴσως
678 1087 747 1158 δή
762 1130 775 1156 ,
807 1081 852 1142 ὦ
871 1088 1142 1159 βέλτιστε,
1173 1084 1286 1142 ἀλλ’
1310 1085 1524 1159 ἀνάγκη
1543 1090 1605 1144 ἐκ
1626 1094 1740 1144 τῶν

60 1171 504 1244 ὄμολογημένων
516 1214 531 1242 ,
554 1179 707 1238 εἰπερ
726 1167 943 1239 ἀγαθός
961 1166 1006 1238 γ’
1024 1163 1062 1239 ἦ
1067 1191 1098 1223 ν
1115 1170 1322 1233 ἐκεῖνος
1341 1174 1578 1240 πολίτης.
1770 1186 1803 1227 Ε
1851 1163 1855 1167 ”

205 1259 372 1309 KAA.
431 1258 500 1308 Τί
512 1248 618 1308 οὖν
638 1251 731 1322 δή;

204 1341 330 1392 ΣΩ.
396 1333 606 1391 Οὐδέν·
658 1332 796 1390 ἀλλὰ
826 1334 952 1390 τόδε
973 1354 1068 1405 μοι
1097 1333 1211 1389 εἰπὲ
1232 1335 1318 1389 ἐπὶ
1337 1334 1542 1408 τούτῳ,
1584 1341 1635 1392 εἰ
1650 1339 1737 1392 λε’-

58 1439 254 1490 γονται
266 1414 553 1488 Ἀθηναῖοι
571 1414 662 1471 διὰ
683 1416 957 1485 Περικλέα
976 1420 1226 1486 βελτίους
1242 1418 1547 1487 γεγονέναι,
1569 1414 1607 1490 ἦ
1628 1426 1742 1475 πᾶν

62 1497 395 1556 τούναντίον
426 1502 810 1569 διαφθαρῆναι
836 1494 925 1551 ὑπ’
957 1498 1189 1552 ἐκείνου.
1245 1499 1402 1554 ταυτὶ
1429 1499 1536 1570 γάρ
1569 1505 1740 1571 ἔγωγε

59 1578 269 1649 ἀκούω,
281 1583 552 1648 Περικλέα
566 1580 922 1649 πεποιηκέναι
933 1576 1268 1649 Ἀθηναίους
1287 1576 1495 1649 ἀργούς
1513 1583 1603 1637 καὶ
1624 1585 1740 1638 δει-

58 1659 196 1727 λούς
214 1662 304 1717 καὶ
323 1661 528 1726 λάλους
547 1662 638 1716 καὶ
658 1661 1056 1732 φιλαργύρους,
1080 1664 1157 1725 εἰς
1181 1668 1564 1732 μισθοφορίαν
1584 1672 1742 1736 πρῶ-

60 1765 160 1800 τον
179 1742 608 1814 καταστήσαντα.

203 1829 374 1880 ΚΑΛ.
438 1830 564 1879 Τῶν
591 1822 657 1879 τὰ
679 1818 791 1879 ὦτα
819 1825 1172 1895 κατεαγότων
1198 1824 1423 1893 ἀκούεις
1451 1834 1651 1901 ταῦτα,
1694 1822 1739 1885 οἷ

60 1908 371 1976 Σώκρατες.

201 1996 325 2047 ΣΩ.
377 1988 538 2046 Ἀλλὰ
557 1991 687 2047 τάδε
706 1988 890 2047 ούκέτι
908 1988 1115 2062 ἀκούω,
1136 1989 1274 2047 ἄλλα
1296 1991 1419 2047 οἶδα
1438 1998 1630 2063 σαφοῦς
1647 1994 1739 2048 καὶ

59 2070 169 2143 ἐγώ
200 2074 288 2127 καὶ
319 2072 420 2141 σύ,
459 2071 543 2128 ὅτι
571 2073 632 2127 τό
663 2074 765 2143 μὲν
795 2077 1019 2142 πρῶτον
1046 2070 1332 2143 ηὐδοκίμει
1349 2077 1626 2145 Περικλῆς
1645 2075 1739 2130 καὶ

63 2154 329 2226 οὐδεμίαν
350 2154 581 2227 αἰσχρὰν
600 2159 759 2227 δίκην
775 2161 1222 2228 κατεψηφίσαντο
1244 2156 1419 2213 αύτοῦ
1432 2155 1735 2230 Ἀθηναῖοι,

59 2234 224 2308 ἡνίκα
242 2241 459 2308 χείρους
477 2232 645 2309 ἦσαν·
683 2236 867 2310 ἐπειδὴ
889 2241 948 2295 δὲ
966 2241 1122 2295 καλοὶ
1142 2238 1384 2311 κάγαθοὶ
1403 2241 1737 2311 ἐγεγόνεσαν

61 2315 151 2374 ὑπ’
172 2316 376 2389 αὐτοῦ,
398 2320 486 2374 ἐπὶ
503 2325 727 2391 τελευτῇ
748 2327 850 2375 τοῦ
869 2326 996 2392 βίου
1015 2328 1118 2376 τοῦ
1134 2325 1495 2391 Περικλέους,
1517 2321 1734 2394 κλοπὴν
1765 2343 1849 2392 510

59 2397 237 2455 αὐτοῦ
257 2406 702 2471 κατεψηφίσαντο
719 2444 733 2469 ,
770 2399 962 2473 ὀλίγου
983 2406 1041 2458 δὲ
1062 2405 1152 2459 καὶ
1172 2404 1429 2459 θανάτου
1458 2407 1736 2477 ἐτίμησαν,

58 2482 235 2553 δῆλον
253 2480 337 2537 ὅτι
358 2478 430 2547 ὡς
449 2490 701 2554 πονηροῦ
719 2482 894 2549 ὄντος.

198 2570 395 2621 Lxxn.
471 2571 642 2623 KAA.
704 2572 774 2622 Τί
787 2561 919 2635 οὖν;
940 2570 1144 2624 τούτου
1162 2570 1324 2626 ἕνεκα
1344 2568 1515 2636 κακὸς
1536 2563 1608 2642 ἦν
1624 2576 1739 2626 Πε-

26 2695 29 2699 .
59 2654 275 2719 ocul-²333

202 2733 323 2785 2:52.
365 2728 550 2788 '‘Ovmv
564 2739 707 2802 γοῦν
728 2729 799 2788 ἄν
820 2735 1141 2807 ἐπιμελητὴς
1159 2736 1249 2791 καὶ
1268 2738 1455 2793 ἳππων
1474 2739 1565 2794 καὶ
1582 2742 1738 2809 βοῶν

58 2818 308 2876 τοιοῦτος
328 2808 409 2867 ὦν
427 2814 597 2879 κακὸς
617 2811 688 2870 ἂν
709 2815 889 2871 ἐδόκει
910 2814 1075 2888 εἶναι,
1112 2823 1163 2874 εἰ
1178 2817 1522 2890 παραλαβών
1540 2817 1613 2890 μὴ
1637 2823 1739 2873 λα-

0 2894 32 2950 Ι,

0 2949 29 2964 0³

0 2970 5 2986 Ι

2 2995 7 3006 0

0 3010 33 3035 ι.

3 3043 59 3112 'sit
