1994 3100
753 80 1210 152 aramma-2
1738 101 1805 152 23

125 241 233 308 ἔχει
252 236 371 292 τινὰ
395 239 711 307 ἐπιστήμην,
734 235 869 291 ὅτου
889 238 952 292 δέ
966 258 1029 307 γε
1042 279 1058 307 ,
1078 235 1113 308 ἡ
1134 237 1476 338 σωφροσύνη
1502 236 1571 292 ού
1591 238 1807 308 ποιήσει

127 317 303 374 αὐτὸν
330 319 675 390 γιγνώσκειν.
738 315 823 374 Οὐ
852 325 1119 389 φαίνεται.
1174 318 1319 377 Οὔτε
1356 319 1465 391 ἄρα
1497 318 1598 376 τὸν
1633 330 1868 389 προς-Ε

129 401 470 472 ποιούμενον
497 400 691 468 ἰατρὸν
720 399 888 470 εἶναι,
929 399 1067 456 ὄντα
1099 405 1158 458 δὲ
1186 403 1287 475 μή,
1327 404 1419 459 καὶ
1448 401 1548 459 τὸν
1573 398 1646 467 ῶς
1665 400 1803 473 ἄλη-

124 491 244 550 θῶς
272 484 407 540 ὄντα
438 481 552 549 οἷός
585 506 642 539 τε
677 488 827 539 ἔσται
861 486 1193 553 διακρίνειν,
1229 485 1357 541 οὔτε
1394 484 1566 542 ἄλλον
1599 484 1803 541 ου’δένα

124 575 239 623 τῶν
274 567 657 637 ἐπιστημόνων
691 568 781 622 καὶ
818 565 909 637 μή.
948 566 1285 638 σκεψώμεθα
1325 569 1382 625 δὲ
1419 571 1478 625 ἐκ
1518 573 1722 627 τῶνδε·
1759 574 1809 626 εἰ

123 652 307 720 μέλλει
327 647 356 704 ὁ
377 650 623 719 σώφρων
640 644 677 720 ἦ
694 646 955 704 ὁστισοῦν
975 646 1142 714 ἄλλος
1160 647 1260 705 τὸν
1279 647 1350 716 ὡς
1370 650 1595 722 ἀληθῶς
1611 652 1806 723 ἰατρόν

126 733 539 803 διαγνώσεσθαι
559 730 768 788 καὶτὸν
787 733 863 803 μή
875 775 889 802 ,
929 725 1022 800 ἆρ’
1045 730 1145 802 οὐχ
1166 725 1272 787 ῶδε
1294 734 1510 804 ποιήσει
1525 756 1535 765 ·
1561 736 1685 804 περὶ
1702 733 1805 805 μὲν

124 821 369 887 ἰατρικῆς
400 816 583 888 δήπου
612 813 765 887 αὐτῷ
796 814 865 871 ού
897 816 1222 881 διαλέξεται·
1262 814 1431 871 οὐδὲν
1472 814 1580 887 γὰρ
1610 819 1802 886 ἐπαΐει,

125 898 196 965 ῶς
215 903 453 970 ἔφαμεν,
493 898 522 954 ὁ
543 898 728 970 ἰατρὸς
759 896 883 954 ἀλλ’
917 894 952 970 ἢ
983 897 1042 954 vd
1077 896 1324 968 ὑγιεινὸν
1343 900 1434 953 καὶ
1451 896 1511 953 τὸ
1533 902 1802 963 νοσῶδες·

123 979 158 1053 ἢ
190 981 284 1049 οὔ;
322 988 463 1051 Ναί,
502 982 690 1047 οὕτως.
764 983 904 1051 Περὶ
935 984 998 1037 δέ
1026 1004 1088 1051 γε
1119 982 1416 1054 ἐπιστήμης
1447 979 1614 1037 οὐδὲν
1634 979 1801 1050 οἶδεν,

122 1063 263 1121 ἄλλα
310 1072 476 1121 τοῦτο
515 1065 581 1137 δὴ
619 1072 686 1139 τῇ
730 1065 1072 1138 σωφροσύνῃ
1111 1065 1257 1138 μόνῃ
1295 1064 1584 1136 ἀπέδομεν.
1668 1068 1799 1120 Ναί.

126 1146 274 1204 Οὐδὲ
308 1151 433 1216 περὶ
462 1154 708 1220 ἰατρικῆς
738 1148 846 1221 ἄρα
876 1146 1027 1204 οἶδεν
1065 1145 1093 1202 ὁ
1134 1147 1402 1216 ἰατρικός,
1445 1147 1737 1219 ἐπειδήπερ
1767 1144 1801 1218 ἡ
1835 1159 1915 1203 171

122 1229 334 1302 ἰατρικὴ
373 1232 636 1304 ἐπιστήμη
661 1226 804 1288 οὖσα
838 1229 1111 1303 τυγχάνει.
1180 1228 1404 1301 Ἀληθῆ.
1466 1228 1584 1286 Ὅτι
1613 1229 1716 1302 μὲν
1734 1230 1800 1301 δὴ

122 1315 427 1386 ἐπιστήμην
461 1315 582 1371 τινὰ
625 1320 746 1387 ἔχει,
785 1315 1059 1386 γνώσεται
1094 1311 1123 1368 ὁ
1163 1312 1408 1383 σώφρων
1446 1311 1545 1369 τὸν
1580 1313 1798 1383 ἰατρόν·

122 1401 239 1453 δεῖν
258 1400 315 1455 δὲ
336 1411 532 1470 πεῖραν
550 1404 740 1471 λαβεῖν
759 1397 876 1471 ἥτις
905 1401 1053 1454 ἐστίν
1067 1440 1081 1467 ,
1119 1396 1253 1453 ἄλλο
1280 1419 1332 1452 τι
1362 1400 1619 1463 σκέψεται
1641 1389 1802 1453 ῶντι-

125 1501 266 1548 νων;
286 1477 321 1552 ἦ
344 1479 411 1537 ού
431 1481 610 1556 τούτῳ
632 1481 860 1551 ὥρισται
890 1480 1091 1552 ἑκάστη
1111 1479 1375 1551 ἐπιστήμη
1395 1480 1469 1551 μὴ
1488 1480 1666 1551 μόνον
1686 1482 1803 1535 ἐπι-

123 1563 296 1636 στήμη
331 1563 471 1621 εἶναι
500 1563 638 1622 ἀλλὰ
672 1567 762 1621 καὶ
798 1571 905 1635 τίς,
945 1570 1024 1636 τῷ
1058 1570 1228 1619 τινῶν
1264 1562 1431 1631 εἷναι;
1478 1564 1670 1638 Τούτῳ
1701 1567 1803 1635 μὲν

123 1640 243 1703 οὖν.
317 1650 426 1704 Καὶ
454 1645 488 1720 ἡ
518 1647 730 1720 ἰατρικὴ
764 1646 830 1720 δή
864 1651 1018 1719 ἑτέρα
1050 1647 1191 1703 εἶναι
1225 1654 1338 1703 τῶν
1367 1646 1554 1703 ἄλλων
1579 1649 1802 1718 ἐπιστη-

121 1737 243 1802 μῶν
262 1728 478 1802 ώρίσθη
505 1738 580 1806 τῷ
600 1739 702 1788 τοῦ
724 1730 977 1803 ὑγιεινοῦ
997 1729 1135 1786 εἶναι
1155 1731 1246 1787 καὶ
1273 1730 1559 1795 νοσώδους
1577 1729 1802 1801 ἐπιστή-

119 1836 208 1885 μη.
246 1818 371 1870 Ναί.
409 1813 638 1870 Οὐκοῦν
656 1818 717 1871 ἐν
737 1815 953 1880 τούτοις
972 1811 1279 1884 ἀναγκαῖον
1298 1825 1527 1869 σκοπεῖν
1546 1811 1644 1869 τὸν
1663 1819 1803 1885 βου-

120 1897 357 1968 λόμενον
375 1898 626 1969 ἰατρικὴν
648 1909 904 1968 σκοπεῖν,
938 1900 1000 1953 ἐν
1021 1890 1102 1961 οἷς
1125 1893 1252 1951 ποτ’
1277 1900 1425 1952 ἔστιν
1440 1918 1451 1928 ·
1483 1895 1552 1951 ού
1572 1896 1678 1969 γὰρ
1701 1896 1802 1968 δή·
1832 1904 1865 1945 Β

119 2002 230 2036 που
250 1986 312 2038 ἕν
329 2003 391 2052 γε
410 1993 523 2047 τοῖς
551 1985 681 2051 ἔξω,
721 1984 781 2037 ἐν
802 1976 883 2046 οἷς
904 1978 1008 2036 οὐκ
1038 1985 1213 2046 ἐστιν;
1254 1978 1340 2037 Οὐ
1373 1983 1523 2051 δῆτα.
1574 1978 1662 2036 Ἐν
1690 1992 1804 2046 τοῖς

118 2061 378 2134 ὑγιεινοῖς
409 2063 517 2134 ἄρα
547 2065 637 2121 καὶ
667 2064 973 2121 νοσώδεσιν
1004 2066 1351 2131 ἐπισκέψεται
1381 2062 1480 2119 τόν
1505 2062 1726 2134 ἰατρόν,
1765 2055 1802 2137 ᾗ

123 2147 363 2217 ἰατρικός
381 2149 548 2219 ἐστιν,
569 2146 599 2204 ὁ
621 2146 808 2218 ὀρθῶς
829 2149 1222 2219 σκοπούμενος.
1278 2146 1510 2204 Ἔοικεν.
1568 2145 1798 2204 Οὐκοῦν

118 2230 181 2285 ἐν
205 2240 317 2294 τοῖς
337 2227 515 2295 οὕτως
540 2226 578 2301 ἦ
607 2234 923 2302 λεγομένοις
952 2227 989 2302 ἦ
1018 2233 1414 2302 πραττομένοις
1431 2229 1498 2285 τὰ
1517 2230 1619 2301 μὲν
1638 2230 1798 2301 λεγό-

118 2333 275 2383 μενα,
298 2317 349 2368 εἰ
364 2310 547 2384 ἀληθῆ
572 2314 801 2384 λέγεται,
823 2314 1231 2385 σκοπούμενος,
1266 2314 1331 2369 τὰ
1353 2314 1412 2371 δὲ
1432 2313 1798 2386 πραττόμενα,

118 2401 168 2452 εἰ
183 2393 372 2464 ὀρθῶς
401 2396 722 2467 πράττεται;
756 2394 1007 2468 Ἀνάγκη.
1061 2391 1128 2451 Ἦ
1149 2389 1252 2452 οὖν
1272 2395 1411 2452 ἄνευ
1430 2401 1676 2469 ἰατρικῆς
1697 2398 1802 2454 δύ-

118 2479 262 2534 ναιτ’
283 2478 355 2534 ἄν
381 2502 462 2544 τις
490 2480 706 2535 τούτων
735 2482 986 2551 ποτέροις
1015 2483 1492 2553 ἐπακολουθῆσαι;
1530 2480 1615 2538 Οὐ
1646 2485 1798 2553 δῆτα.

120 2560 264 2619 Οὔτε
284 2583 346 2632 γε
368 2561 533 2629 ἄλλος
552 2561 760 2630 οὐδείς,
802 2562 875 2628 ῶς
894 2567 1063 2634 ἔοικε,
1104 2562 1250 2636 πλὴν
1278 2564 1489 2636 ἰατρός,
1531 2563 1659 2620 οὔτε
1680 2562 1746 2636 δὴ
1769 2562 1797 2622 ὁ
1830 2570 1863 2612 0

119 2644 388 2715 σώφρων·
430 2644 616 2716 ἰατρὸς
646 2646 751 2716 γάρ
783 2642 855 2701 ἄν
885 2654 966 2719 εἴη
996 2645 1134 2718 πρὸς
1150 2655 1215 2720 τῇ
1235 2648 1591 2721 σωφροσύνῃ.
1647 2646 1799 2703 Ἔστι

117 2733 305 2787 ταῦτα.
380 2727 601 2795 Παντὸς
629 2729 736 2798 ἄρα
756 2737 997 2802 μᾶλλον,
1020 2736 1071 2788 εἰ
1084 2728 1117 2804 ἡ
1140 2731 1482 2803 σωφροσύνη
1503 2731 1798 2803 ἐπιστήμης

115 2811 381 2883 ἐπιστήμη
402 2813 582 2884 μόνον
600 2815 712 2870 ἐστὶ
744 2815 829 2870 καὶ
864 2812 1406 2888 ἀνεπιστημοσύνης,
1445 2814 1573 2871 οὔτε
1606 2812 1799 2884 ἰατρὸν
