2020 3094
762 396 1314 467 ΛΥΣΙΣ

581 502 645 587 [ἢ
683 511 809 584 περὶ
856 512 1078 584 φιλίας·
1124 515 1496 595 μαιευτικός]

526 693 612 738 ΤΑ
654 692 793 739 ΤΟΥ
825 694 1198 741 ΔΙΑΛΟΓΟΥ
1227 695 1570 743 ΠΡΟΣΩΠΑ

258 786 525 840 ΣΩΚΡΑ
536 787 727 856 ΤΗΣ,
767 788 977 843 ΙΠΠο
985 789 1275 860 ΘΑΛΗΣ,
1311 790 1825 860 ΚΤΗΣΙΠΠΟΣ,

622 880 1162 954 ΜΕΝΕΞΕΝΟΣ,
1206 886 1472 941 amu).

91 1001 210 1045 SUI.

93 1071 181 1167 235
350 1117 386 1166 1.
437 1098 453 1120 ⁹
470 1105 850 1181 Επορευόμην
877 1110 978 1180 μὲν
1006 1113 1059 1176 ἐξ,
1085 1112 1435 1183 Ἀκαδημείας
1464 1111 1611 1168 εὐθὺ
1638 1119 1882 1171 Λυκείου

206 1191 310 1264 τὴν
342 1195 440 1259 ἔξω
469 1198 678 1263 τείχους
707 1188 806 1246 ὑπ’
840 1189 975 1246 αὐτὸ
1005 1190 1067 1246 τὸ
1097 1205 1295 1262 τεῖχος·
1332 1196 1513 1266 ἐπειδὴ
1537 1193 1588 1249 δ’
1611 1195 1904 1266 ε’γενόμηνΔ

206 1273 345 1330 κατὰ
367 1273 471 1345 τὴν
490 1278 693 1329 πυλίδα
707 1266 746 1345 ᾗ
765 1270 796 1344 ἡ
813 1273 1078 1338 Ποὶνοπος
1096 1275 1292 1345 κρήνη,
1315 1277 1560 1332 ἐνταῦθα
1577 1279 1880 1346 συνέτυχον

196 1354 518 1412 Ιπποθαλει
536 1377 593 1411 τε
614 1377 688 1430 τῳ
714 1353 1049 1453 Ἱερωνύμου
1077 1356 1168 1410 καὶ
1194 1361 1497 1431 Κτησίππω
1525 1379 1599 1411 τω
1623 1362 1886 1412 Παιανιεῖ

206 1439 299 1493 καὶ
329 1437 515 1502 α’λλοις
542 1458 675 1507 μετα
707 1436 926 1491 τούτων
953 1442 1263 1501 νεανίσκοις
1291 1435 1523 1509 αθρόοις
1554 1445 1874 1494 συνεστῶσι.

204 1524 301 1575 καί
326 1541 393 1590 με
414 1519 717 1589 προσιόντα
739 1515 766 1572 ὁ
798 1516 1135 1588 Ἱπποθάλης
1168 1518 1304 1574 ἰδών
1326 1513 1391 1574 Ὦ
1420 1521 1732 1588 Σώκρατες,
1754 1524 1876 1622 ἔφη,

145 1621 178 1661 Β
209 1611 305 1656 ποῑ
331 1597 397 1670 δὴ
429 1600 653 1669 πορεύει
682 1623 773 1655 και
792 1600 1001 1663 ποθεν
1035 1596 1114 1665 Ἐξ
1147 1597 1527 1672 Ἀκαδημείας,
1563 1595 1637 1673 ἦν
1666 1600 1715 1656 δ’
1751 1601 1876 1671 ἐγώ,

208 1682 514 1753 πορεύομαι
551 1680 697 1738 εὐθύ
734 1687 992 1738 Λυκείου.
1076 1689 1263 1751 Δεῦρο
1303 1683 1397 1754 δή,
1435 1685 1469 1755 ἡ
1512 1681 1562 1739 δ’
1604 1683 1692 1755 ὅς,
1732 1681 1878 1739 εύθυ

203 1763 378 1836 ἡμῶν.
417 1762 485 1819 οὐ
519 1764 913 1835 παραβαλλεις;
951 1762 1106 1829 αξιον
1135 1767 1336 1834 μέντοι.
1408 1770 1545 1836 Ποῖ,
1583 1769 1724 1836 ἔφην
1753 1765 1876 1835 ἐγώ,

206 1849 405 1916 λέγεις,
442 1847 533 1901 καὶ
562 1845 710 1913 παρὰ
742 1851 892 1910 τίνας
919 1844 1049 1910 τούς
1067 1844 1239 1916 ὑμας;
1274 1853 1490 1916 Δεῦρο,
1530 1851 1662 1946 ε’φη,
1703 1849 1877 1949 δείξας

206 1949 299 1999 μοι
325 1929 385 1983 ἐν
410 1934 487 2001 τῷ
515 1948 849 1995 καταντικρύ
876 1934 978 1982 τοῦ
1006 1932 1214 1999 τείχους
1244 1927 1542 1999 περίβολόν
1569 1930 1628 1982 τέ
1643 1949 1765 1981 τινα
1785 1929 1876 1982 και

203 2008 392 2079 θύραν
411 2004 780 2082 ἀνεῳγμένην.
805 2013 1155 2078 διατρίβομεν
1176 2012 1251 2075 δέ,
1271 2009 1304 2079 ἡ
1328 2005 1378 2063 δ’
1401 2007 1479 2079 ὅς,
1501 2007 1704 2064 αὐτόθι
1722 2004 1876 2080 ἡμεῖς

91 2106 175 2153 204
208 2113 266 2147 τε
295 2088 453 2146 αὐτοὶ
482 2092 573 2146 καὶ
604 2089 758 2146 ἄλλοι
787 2091 937 2146 πάνυ
967 2094 1159 2146 πολλοὶ
1187 2092 1277 2146 καὶ
1307 2097 1481 2146 καλοί.
1537 2090 1689 2146 Ἕστι
1718 2089 1777 2144 δε
1806 2087 1872 2159 δη

207 2180 263 2229 τί
285 2179 478 2243 τοῦτο,
517 2174 609 2228 καὶ
637 2178 715 2236 τίς
744 2170 778 2243 ἡ
811 2175 1091 2243 διατριβῆς
1135 2178 1479 2245 Παλαίστρα,
1519 2177 1652 2243 ἔφη,
1678 2173 1874 2227 νεωστὶ

207 2253 629 2329 ᾤκοδομημένη·
671 2251 704 2324 ἡ
742 2254 801 2308 δὲ
838 2253 1084 2325 διατριβὴ
1118 2251 1184 2307 τὰ
1223 2253 1398 2309 πολλοὶ
1436 2257 1497 2309 ἐν
1533 2253 1742 2324 λόγοις,
1793 2245 1874 2307 οἷν

205 2336 378 2408 ἡδέως
398 2335 469 2390 ἅν
484 2353 572 2391 σοι
586 2338 982 2406 μεταδιδοῖμεν.
1023 2341 1221 2400 Καλῶς
1242 2338 1317 2406 δέ,
1339 2330 1412 2404 ἦν
1432 2335 1475 2390 δ’
1494 2336 1620 2406 ἐγώ,
1640 2339 1873 2389 ποιοῦν-

205 2437 317 2482 τες·
341 2415 587 2472 διδάσκει
607 2416 666 2472 δε
684 2421 764 2480 τίς
783 2414 1012 2484 αὐτόθι,
1048 2417 1162 2481 Σός
1182 2415 1392 2485 ἕταιρός
1410 2437 1500 2487 γε,
1529 2438 1562 2514 η
1586 2413 1637 2469 δ’
1662 2414 1749 2483 ὅς,
1780 2415 1870 2468 καὶ

205 2501 512 2569 επαινέτης,
545 2503 775 2562 Μίκκος.
841 2497 945 2553 Μα
963 2504 1103 2568 Δια,
1139 2492 1211 2569 ἦν
1232 2497 1282 2553 δ’
1316 2498 1450 2568 ἐγώ,
1489 2495 1557 2552 οὐ
1577 2496 1790 2567 φαῦλός
1807 2517 1868 2565 γε

204 2578 345 2650 ἀνήρ
358 2620 373 2648 ,
413 2577 534 2634 αλλ’
558 2580 745 2644 ἱκανὸς
766 2581 1044 2652 σοφιστής.
1116 2579 1315 2635 Βούλει
1335 2582 1439 2634 οὐν
1460 2580 1721 2648 ε’πεσθαι,
1742 2581 1864 2647 ἔφη,

142 2680 173 2721 Β
202 2664 295 2716 ἵνα
324 2662 415 2716 καὶ
444 2665 563 2759 ἴδῃς
595 2660 725 2724 τούς
755 2659 919 2725 ὄντας
948 2659 1177 2725 αὐτόθι,
1210 2658 1404 2715 Αὐτοῦ
1437 2665 1659 2726 πρῶτον
1693 2657 1866 2728 ηδε-’ως

204 2739 495 2811 ἀκούσαιμ’
520 2742 617 2813 ἄν,
638 2744 724 2798 ἐπὶ
745 2750 819 2815 τῷ
839 2744 929 2798 καὶ
945 2751 1139 2813 εισειμι
1157 2743 1248 2798 καὶ
1266 2747 1346 2806 τίς
1365 2738 1393 2796 ὁ
1415 2740 1594 2804 καλός.
1656 2739 1866 2806 Ἄλλος,

202 2829 336 2894 ἔφη,
374 2821 520 2896 ἄλλῳ
548 2821 707 2894 ἡμῶν
726 2798 901 2895 δόκεῖ,
943 2827 985 2879 ὠ
1007 2824 1314 2893 Σώκρατες.
1386 2824 1490 2877 Σοὶ
1512 2822 1568 2877 δε
1591 2820 1657 2892 δὴ
1678 2827 1783 2890 τίς,
1825 2821 1866 2875 ὠ

190 2901 545 2972 Ιππόθαλες;
583 2906 750 2961 τοῦτό
778 2929 873 2977 μοι
901 2909 1028 2962 εἰπέ.
1019 2903 1206 3014 {acal
1187 2927 1247 2969 09
1277 2906 1570 2976 ἐρωτηθεὶς
1588 2902 1865 2975 ἠρυθρία-
