1962 3112
0 0 1080 35 wag-“nmmvwwwpzvqe-o--ss
1384 0 1393 5 ”
1459 0 1483 6 ·’

108 141 187 181 ιοι
654 126 820 175 ΠΡΩ
838 127 932 174 TA
943 125 1045 174 Γο
1056 126 1152 173 ΡΑ
1161 127 1220 172 Σ.
1477 97 1483 104 ’
1655 151 1658 153 Α
1680 122 1779 175 195

103 264 216 319 θόν
242 265 417 349 ἐστιν,
460 258 642 326 οὐδεὶς
667 259 798 316 οὔτε
817 256 977 323 είδως
1001 257 1128 314 ου”τε
1148 258 1400 329 οἰόμενος
1420 257 1559 313 α’λλα
1578 263 1776 344 βελτίω

107 333 267 402 ·,-ἷναι,
285 328 324 402 ἢ
345 328 379 386 ἃ
398 343 580 416 ποιεῖ,
599 331 691 386 καὶ
712 327 948 420 δυνατά,
989 334 1174 385 ἔπειτα
1193 339 1341 385 ποιεῖ
1350 334 1550 397 ταῦτα,
1570 329 1693 393 ἐξὸν
1711 326 1776 382 τὰ
1813 334 1845 377 C

100 408 320 492 βελτίω·
361 400 494 457 οὐδὲ
522 399 583 456 τό
613 399 758 471 ἥττω
790 398 930 456 εἷναι
959 397 1134 454 αὑτοῦ
1165 398 1299 455 ἄλλο
1329 421 1382 455 τι
1398 396 1558 454 τοῦτ’
1578 394 1780 469 ἐστὶνῆ

99 471 341 542 α’μαθία,
379 470 511 526 οὐδὲ
539 477 767 538 κρείττω
797 471 1000 525 ἑαυτοῦ
1028 467 1164 524 αλλο
1202 491 1254 524 τι
1274 465 1316 555 ἦ
1330 475 1516 554 σοφία.
1590 475 1778 523 Συνε-

101 543 252 598 δόκει
271 548 455 596 πᾶσιν.
535 547 604 595 Τί
630 540 689 595 δὲ
719 540 817 611 δή;
854 538 1104 609 ἀμαθίαν
1132 533 1241 608 ἆρα
1259 537 1321 595 τὸ
1342 539 1558 595 τοιόνδε
1579 541 1776 624 λέγετε,

100 612 160 667 τὸ
181 615 358 681 ψευδῆ
379 616 522 698 ἔχειν
553 610 722 675 δόξαν
750 612 840 664 καὶ
870 612 1143 673 ἐψεῦσθαι
1162 611 1285 677 περὶ
1304 615 1419 664 τῶν
1436 629 1778 679 πραγματων

103 688 213 736 τῶν
230 688 442 735 πολλοῦ
461 679 659 746 ἀξίων;
693 682 804 735 Καὶ
831 686 994 734 τοῦτο
1015 686 1150 734 πᾶσι
1170 679 1480 734 συνεδόκει.
1537 680 1704 734 ’'AM-o
1725 701 1776 732 τι

101 745 243 842 οὖν,
272 756 416 820 ἔφην
446 751 581 820 ἐγώ,
610 753 703 805 ἐπί
715 771 778 819 γε
796 748 862 804 τὰ
883 771 1026 804 κακα
1053 747 1282 812 οὐδεὶς’
1255 747 1399 804 εκών
1397 753 1627 834 ἔρχεται
1647 747 1778 804 οὐδὲ

101 823 184 876 ἐπὶ
203 844 237 875 α
262 828 430 876 οἴεται
461 818 603 875 κακὰ
635 819 800 874 εἶναι.
836 818 962 874 οὐδ’
998 824 1111 875 ἔστι
1139 825 1330 885 τοῦτο,
1371 815 1444 882 ὡς
1473 823 1680 887 ἔοικεν,
1717 821 1778 874 ἐν

100 890 424 977 ανθρώπου
438 890 633 959 φύσει,
674 892 761 945 ε’πι
790 889 826 944 ἃ
857 897 1028 944 οἴεται
1055 910 1198 944 κακα
1231 887 1371 944 εἶναι
1398 890 1614 944 ἐθέλειν
1634 893 1775 944 ἰέναι
1806 898 1843 938 D

102 959 221 1019 ἀντὶ
248 967 362 1016 τῶν
388 958 649 1029 α’γαθῶν·
674 959 810 1015 ὅταν
837 980 894 1014 τε
926 957 1260 1045 ἀναγκασθῇ
1291 964 1450 1017 δυοῖν
1487 970 1683 1015 κακοῖν
1711 958 1773 1013 τὸ

106 1032 290 1098 ’τερον
326 1033 631 1096 αἱρεῖσθαι,
675 1027 858 1095 οὐδεὶς
902 1028 964 1084 τὸ
1003 1034 1188 1115 μεῖζον
1229 1030 1514 1115 αἱρήσεται
1550 1028 1674 1095 ἐξὸν
1711 1027 1772 1084 τὰ

102 1106 338 1160 ἔλαττον.
373 1072 631 1154 ΗΑπαντα
639 1106 811 1155 ταῦτα
832 1100 1121 1154 συνεδόκει
1141 1098 1348 1154 ἅπασιν
1358 1097 1510 1187 ἡμῖν.
1556 1105 1626 1156 Τί
1641 1093 1775 1165 οὗν;

101 1191 240 1254 εφην
258 1170 394 1239 ἐγώ,
432 1173 644 1225 καλεῖτέ
661 1192 714 1224 τι
734 1171 857 1235 δέος
873 1173 965 1226 καὶ
985 1170 1197 1241 φόβον;
1234 1173 1323 1225 καὶ
1343 1164 1452 1257 ἆρα
1477 1169 1614 1241 ὅπερ
1636 1169 1773 1240 ἐγώ·
1759 1211 1775 1236 ,

101 1242 237 1308 πρὸς
265 1242 325 1295 σὲ
354 1242 522 1310 λέγω,
559 1262 602 1295 ω
632 1240 891 1308 Πρόδικε.
928 1245 1270 1328 προσδοκίαν
1290 1263 1412 1296 τινα
1434 1244 1575 1312 λέγω
1598 1246 1775 1297 κακοῦ

102 1317 289 1379 τοῦτο,
329 1319 434 1366 εἴτε
468 1310 651 1398 φόβον
671 1318 777 1366 εἴτε
800 1312 921 1375 δέος
939 1319 1165 1366 καλεῖτε.
1198 1308 1406 1367 Ἐδόκει
1423 1311 1772 1382 Πρωταγόρᾳ

103 1380 199 1438 μὲν
225 1381 318 1435 καὶ
338 1378 519 1453 Ἱππίᾳ
551 1381 672 1444 δέος
700 1401 759 1435 τε
789 1383 880 1435 καὶ
902 1381 987 1469 φό
1029 1403 1087 1446 ος
1117 1380 1467 1450 εἶναιτοῦτο,
1506 1385 1768 1465 Προδίκῳ
1808 1389 1836 1428 Ε

103 1449 157 1507 δὲ
176 1452 324 1519 δέος,
347 1442 523 1520 φόβος
542 1447 593 1505 δ’
617 1450 701 1505 οὔ.
772 1448 915 1505 Ἀλλ’
936 1454 1131 1535 ουδέν,
1171 1456 1315 1522 ἔφην
1335 1452 1470 1522 ε’γιό,
1508 1435 1772 1536 Πρόδικε,

97 1523 370 1608 διαφέρει
407 1520 546 1575 α’λλὰ
575 1519 718 1575 τόδε.
750 1526 799 1576 εἰ
817 1519 1004 1591 αληθῆ
1022 1519 1088 1575 τὰ
1111 1494 1428 1607 ἔμπροσθέν
1447 1525 1622 1592 ἐστιν,
1664 1521 1772 1607 ἀρά

97 1613 176 1655 τις
193 1589 518 1677 ἀνθρώπων
538 1591 792 1673 ἐθελήσει
813 1593 898 1645 ἐπι
918 1597 1091 1646 ταῦτα
1111 1589 1292 1645 ἰέναι
1269 1591 1305 1645 α’
1334 1594 1610 1677 δέδοικεν,
1648 1589 1773 1656 ἐξόν

98 1658 222 1715 ἐπὶ
201 1660 236 1713 α’
256 1662 358 1731 μή·
345 1702 360 1726 ,
396 1656 432 1730 ἦ
459 1658 743 1714 ἀδύνατον
767 1662 827 1715 ἐκ
857 1667 970 1716 τῶν
991 1659 1459 1747 ὦμολογημένων;
1495 1659 1532 1716 ὁὶ
1549 1661 1656 1749 γὰρ
1681 1665 1773 1716 δέ-

97 1734 309 1799 δοικεν,
333 1727 694 1820 ,ὡμολόγηται
721 1727 981 1801 ἡγεῖσθαι
1012 1729 1153 1786 κακοὶ
1185 1732 1353 1787 εἶναι·
1400 1729 1435 1786 ἃ
1478 1733 1536 1787 δὲ
1562 1730 1772 1821 ἡγεῖται

95 1800 256 1867 κακά,
279 1797 480 1853 ουδένα
492 1800 618 1854 οὔτε
641 1803 780 1854 ι’έναι
797 1802 882 1856 ἐπὶ
901 1808 1071 1855 ταῦτα
1087 1800 1216 1857 οὔτε
1231 1802 1581 1873 λαμβάνειν
1553 1802 1766 1859 εκόντα.

92 1868 298 1925 Ἐδόκει
317 1870 407 1924 καὶ
425 1877 595 1924 ταῦτα
615 1877 800 1927 πᾶσιν.
1796 1885 1886 1931 359

235 1945 463 1996 xxxlx.
540 1939 703 1995 Οὕτω
725 1942 791 2011 δὴ
811 1941 1024 1997 τούτων
1043 1939 1454 2031 ὑποκειμένων,
1476 1937 1550 2014 ἦν
1570 1942 1621 1999 δ’
1641 1946 1765 2030 ἐγώ,

95 2010 338 2094 Πρόδικέ
365 2031 423 2064 τε
453 2012 542 2065 καὶ
566 2007 771 2097 Ἱππία,
810 2009 1198 2099 ἀπολογεισθω
1233 2011 1367 2084 ἡμῖν
1393 2014 1768 2106 Πρωταγόρας

96 2078 216 2141 οδε,
252 2076 287 2133 ἃ
315 2079 376 2134 τὸ
398 2086 618 2162 πρῶτον
637 2078 996 2165 απεκρίνατο,
1021 2103 1135 2146 πως
1163 2081 1352 2151 ὀρθως
1360 2088 1517 2172 ἔχει,
1554 2083 1627 2155 μὴ
1648 2085 1684 2142 ἁ
1701 2083 1763 2141 τό

97 2170 317 2235 πρωτον
337 2148 672 2205 παντάπασι·
695 2151 818 2206 τότε
838 2151 940 2220 μὲν
958 2152 1064 2234 γὰρ
1085 2153 1151 2223 δὴ
1174 2154 1388 2209 πέντε”
1355 2176 1537 2211 οντων
1556 2163 1767 2225 μορίων

95 2226 190 2288 τῆς
224 2216 440 2298 ἀρετῆς
454 2217 623 2274 ovd5v
658 2224 764 2291 ἔφη
803 2222 943 2278 εἶναι
978 2222 1040 2277 τὸ
1072 2224 1270 2307 ε’τερον
1306 2219 1429 2281 οἷον
1458 2223 1519 2280 τὸ
1545 2226 1762 2313 ἕτερον,

95 2292 242 2344 ίδιαν
278 2288 336 2344 δὲ
373 2285 548 2374 αυτοῦ
582 2289 818 2344 ἕκαστον
843 2295 984 2381 ἔχειν
1014 2292 1279 2378 δύναμιν·
1322 2292 1448 2351 ἀλλ’
1491 2293 1559 2349 οὐ
1594 2305 1764 2352 ταῦτα

94 2362 262 2428 λέγω,
283 2356 407 2413 ἀλλ’
430 2355 464 2412 ἃ
482 2357 544 2413 τὸ
567 2375 803 2427 υστερον
823 2359 953 2416 ειπε.
984 2363 1043 2416 τό
1044 2360 1173 2447 γὰρ
1198 2361 1438 2432 ὕστερον
1455 2369 1567 2452 ἔφη
1577 2366 1643 2423 τοὶ
1663 2367 1764 2438 μὲν

91 2434 318 2496 τέτταρα
355 2431 600 2492 ἐπιεικῶς
636 2431 989 2519 παραπλήσια
1026 2429 1279 2519 ἀλλήλοις
1307 2435 1474 2506 εἶναι,
1511 2434 1572 2492 τὸ
1612 2437 1671 2493 δὲ
1700 2440 1762 2493 ἓν

94 2498 245 2553 πάνυ
263 2497 406 2553 πολὺ
429 2502 711 2567 διαφερειν
728 2521 844 2555 των
861 2508 1075 2569 αλλων,
1080 2502 1207 2589 τὴν
1226 2503 1518 2595 ἀνδρείαν
1549 2506 1762 2586 yvo-565·
1796 2521 1824 2561 B

94 2574 229 2623 σθαι
257 2569 320 2623 δέ
347 2566 402 2638 μ’
435 2573 539 2639 ἔφη
560 2577 842 2655 τεκμηρίῳ
851 2576 1013 2627 moe
1037 2569 1286 2663 εὑρήσεις
1303 2576 1438 2660 γάρ,
1461 2599 1504 2632 ω
1524 2577 1763 2645 Σωκρα-

91 2658 195 2706 τες,
214 2636 554 2705 ἀνθρώπους
569 2629 973 2707 ἀνοσιωτάτους
986 2642 1133 2712 μὲν
1098 2666 1263 2708 οντας
1277 2648 1370 2703 καὶ
1388 2644 1762 2711 ἀδικωτάτους

93 2709 184 2763 καὶ
221 2706 695 2793 ἀκολαστοτάτυυς
726 2712 816 2766 καὶ
851 2709 1299 2801 αμαθεστατους,
1336 2714 1762 2803 ἀνδρειοτάτους

93 2780 175 2832 δέ’
208 2770 251 2831 ὦ
270 2776 470 2842 γνώσει
491 2777 576 2835 ὅτι
593 2778 738 2835 πολὺ
756 2780 1053 2853 διαφέρει
1024 2806 1058 2855 η
1077 2781 1304 2853 ἀνδρεία
1324 2792 1435 2843 τῶν
1455 2786 1640 2845 ἄλλων
1658 2810 1758 2857 μο-

1417 2871 1471 2914 13
1485 2867 1504 2891 *
