1962 3112
188 101 294 154 324
802 105 976 151 HAA
993 103 1275 152 ΤΩΝΟΣ
1778 97 1860 159 126

191 258 243 291 τι
262 238 402 306 λέγω
418 256 430 268 ·
470 244 600 299 ἴσως
633 231 684 287 δ’
708 229 781 287 ἂν
798 231 931 303 ἡμῖν
947 235 1227 306 Πρόδικος
1247 239 1561 313 διαφέροιτο
1577 261 1589 271 ·
1629 231 1767 294 ’ἄλλα
1789 241 1860 294 σύ

191 318 258 387 γε’
291 335 401 371 που
446 322 626 378 καλεῖς
672 314 1021 384 πεπεράνθαι
1056 337 1107 369 τι
1150 317 1242 371 καὶ
1286 321 1747 389 τετελευτηκέναι·
1797 318 1856 374 τὸ

194 404 451 452 τοιοῦτον
468 395 742 466 βούλομαι
761 397 966 465 λέγειν,
989 394 1156 452 οὐδὲν
1174 405 1439 454 ποικίλον.

334 483 520 532 ΜΕΝ.
570 474 732 531 Ἀλλὰ
752 483 901 531 καλῶ
915 519 928 545 ,
949 479 1040 532 καὶ
1058 476 1206 548 οἶμαι
1224 481 1536 549 μανθάνειν
1555 479 1586 536 ὃ
1604 484 1788 551 λέγεις.

108 573 166 618 76
332 564 455 613 ΣΩ.
500 564 585 613 Τί
612 556 694 624 δ’;
738 560 996 613 ἐπίπεδον
1016 566 1197 624 καλεῖς
1215 582 1292 631 τι,
1334 562 1423 616 καὶ
1443 563 1630 629 ἕτερον
1650 555 1722 616 αὖ
1742 580 1862 618 στε-

193 640 354 709 ρεόν,
376 638 497 695 οἷον
514 645 686 694 ταῦτα
705 638 770 694 τὰ
794 642 854 694 ἐν
870 645 1245 708 γεωμετρίαις,

335 727 520 778 ΜΕΝ.
562 719 772 791 ’Έγωγε
794 727 959 776 καλῶ.

334 810 458 859 ΣΩ.
498 801 639 873 ’Ήδη
668 809 861 858 τοίνυν
891 799 964 857 ἂν
992 803 1192 873 μάθοις
1213 824 1323 873 μου
1341 806 1402 859 ἐκ
1419 804 1633 859 τούτων
1644 811 1862 876 ,σχῆμα

196 885 229 941 ὃ
249 889 403 955 λέγω.
442 887 578 940 κατὰ
598 907 706 956 γαρ
732 884 937 949 παντὸς
956 884 1224 955 σχήματος
1242 890 1404 940 τοῦτο
1425 888 1594 956 λέγω,
1633 891 1709 951 εἰς
1738 884 1771 940 ὂ
1799 885 1859 940 τό

195 965 423 1037 στερεὸν
441 971 712 1036 περαίνει,
743 964 896 1021 τοῦτ’
919 965 1060 1021 εἶναι
1080 972 1281 1037 σχῆμα·
1322 965 1456 1037 όπερ
1477 963 1551 1023 ἂν
1570 966 1863 1057 συλλαβῶν

195 1056 399 1118 εἴποιμι
417 1053 644 1116 στερεοῦ
662 1049 831 1116 πέρας
850 1054 1028 1118 σχῆμα
1050 1047 1202 1103 εἶναι.

334 1133 419 1183 IX.
487 1126 805 1183 ΜΕΝ.Τό
826 1128 885 1183 δε
902 1150 1094 1199 χρωμα
1112 1134 1167 1183 τί
1180 1132 1378 1200 λέγεις,
1418 1153 1460 1184 ω
1479 1130 1797 1202 Σώκρατεςς

336 1215 462 1265 ΣΩ.
512 1207 792 1281 Τβριστής
827 1207 882 1279 γ’
925 1209 974 1265 εἷ
982 1253 997 1279 ,
1036 1213 1078 1265 ὦ
1119 1213 1356 1266 Μένων·
1396 1208 1557 1279 ἀνδρὶ
1585 1212 1866 1284 πρεσβύτῃ

197 1294 490 1363 πράγματα
521 1293 876 1362 προστάττεις
895 1290 1322 1361 ἀποκρίνεσθαι,
1355 1290 1521 1356 αὐτὸς
1539 1293 1598 1349 δὲ
1614 1292 1718 1348 οὐκ
1739 1295 1867 1349 ἐθέ-

134 1389 167 1429 Β
199 1381 307 1438 λεις
334 1371 710 1443 ἀναμνησθεὶς
739 1372 988 1444 εἰπεῖν,’
969 1372 1000 1429 o'
1020 1378 1076 1427 τί
1098 1393 1227 1428 ποτε
1249 1375 1393 1442 λέγει
1411 1379 1646 1445 Γοργίας
1665 1373 1851 1445 ἀρετὴ·

197 1454 353 1511 εἶναι.

339 1541 526 1591 ΜΕΝ.
580 1533 721 1590 Ἀλλ’
745 1535 970 1590 ἐπειδάν
987 1557 1080 1604 μοι
1099 1536 1169 1589 σὺ
1188 1533 1340 1590 τοῦτ’
1363 1544 1542 1608 εἴπῃς,
1564 1530 1609 1590 ὦ
1627 1535 1859 1606 Σωκρά-

195 1637 308 1688 τες,
338 1619 445 1686 ἐρῶ
465 1633 565 1672 σοι.

335 1703 459 1752 ΣΩ.
521 1694 648 1753 Κᾶν
669 1700 1219 1768 κατακεκαλυμμένος
1235 1721 1313 1763 τις
1343 1705 1528 1770 γνοίη,
1561 1693 1607 1755 oe³
1635 1706 1863 1771 Μένων,

198 1780 593 1848 διαλεγομένου
614 1795 744 1847 σου,
783 1778 868 1834 ὅτι
895 1778 1060 1843 καλὸς
1088 1779 1139 1834 εἷ
1162 1782 1252 1835 καὶ
1271 1783 1497 1851 ἐρασταί
1511 1798 1598 1836 σοι
1615 1786 1693 1837 ἔτι
1712 1787 1863 1838 εἰσίν.

335 1866 521 1915 ΜΕΝ.
585 1866 652 1914 Τί
668 1860 759 1930 δή;

338 1947 462 1997 ΣΩ.
506 1941 623 1997 Ὅτι
658 1940 825 1998 οὐδὲν
861 1941 984 1998 ἄλλ’
1024 1940 1060 2013 ἢ
1096 1943 1395 2007 ἐπιτάττεις
1423 1945 1485 1998 ἐν
1513 1953 1625 2007 τοῖς
1652 1941 1836 2013 λόγοις
1852 1966 1863 1977 ·

198 2023 334 2094 ὅπερ
353 2031 612 2079 ποιοῦσιν
631 2028 688 2079 οἶ
706 2032 1022 2095 τρυφῶντες
1035 2067 1050 2095 ,
1079 2024 1174 2079 ἅτε
1194 2024 1652 2094 τυραννεύοντες,
1676 2025 1776 2088 ἕως
1795 2021 1864 2079 ἂν

139 2122 170 2163 C
198 2108 260 2160 ἐν
274 2101 393 2177 ὥρᾳ
414 2098 530 2159 ὦσι.
550 2105 641 2159 καὶ
656 2103 768 2173 ἅμα
785 2109 922 2175 ἐμοῦ
937 2113 1067 2169 ἴσως
1080 2107 1442 2174 κατέγνωκας,
1463 2101 1547 2158 ὅτι
1563 2104 1669 2173 εἰμὶ
1687 2101 1863 2174 ἥττων

197 2193 309 2241 τῶν
331 2191 531 2240 καλοῦν.
556 2192 852 2256 χαριοῦμαι
872 2180 977 2241 οὖν
994 2203 1082 2241 σοι
1105 2188 1196 2241 καὶ
1216 2183 1636 2255 ἀποκρινοῦμαι.

334 2272 520 2322 ΜΕΝ.
576 2266 741 2322 Πάνυ
759 2271 860 2338 μὲν
882 2261 986 2323 οὖν
1004 2268 1236 2337 χάρισαι.

338 2352 462 2404 ΣΩ.
518 2349 719 2404 Βούλει
737 2343 842 2404 οὖν
861 2365 948 2403 σοι
966 2346 1103 2403 κατὰ
1120 2353 1364 2419 Γοργίαν
1390 2345 1798 2418 ἀποκρίνωμαι,
1828 2339 1862 2419 ᾗ

197 2426 270 2485 ἄν
289 2429 361 2486 σύ
378 2429 615 2501 μάλιστα
634 2429 1068 2500 ἆκολουθήσαις;

337 2518 524 2567 ΜΕΝ.
574 2512 857 2582 Βούλομαι
871 2533 881 2543 ·
901 2517 1015 2576 πῶς
1032 2510 1139 2582 γὰρ
1159 2510 1258 2577 οῦς

337 2599 460 2648 ΣΩ.
504 2592 731 2649 Οὐκοῦν
746 2597 926 2663 λέγετε
942 2591 1221 2665 άπορροάς
1234 2613 1386 2656 τινας
1398 2595 1511 2646 τῶν
1526 2587 1706 2644 ὄντων
1721 2610 1859 2644 κατα

191 2672 556 2746 Ἐμπεδοκλέα
572 2699 588 2741 3

338 2761 519 2811 ΜΕΝ.
575 2757 814 2825 Σφόδρα
833 2777 910 2825 γε.
