1962 3112
209 169 314 219 350
812 169 988 217 HAA
1006 169 1286 218 ΤΩΝΟΣ
1794 177 1880 219 152

350 307 475 357 2352.
514 300 765 371 Πότερον
785 303 871 369 δέ,
899 293 945 356 ὦ
960 299 1185 370 ’Ἁνυτε,
1224 297 1456 372 ἠδίκηκέ
1471 306 1549 366 τίς
1569 315 1630 356 σε
1648 307 1760 356 τῶν
1780 316 1877 356 σο·-

211 390 426 454 φιστῶν
439 425 452 451 ,
473 379 510 454 ἦ
528 389 583 438 τί
596 381 772 447 οὕτως
790 381 976 446 αὐτοῖς
994 382 1230 452 χαλεπὸς
1249 381 1322 449 εἷ;

352 471 474 520 AN.
526 463 675 521 Οὐδὲ
701 468 776 535 μὰ
794 471 906 520 Δία
933 468 1103 535 ἔγωγε
1123 465 1432 534 συγγέγονα
1451 463 1670 519 πεόποτε
1690 462 1879 519 αὐτῶν

211 546 426 618 οὐδενί,
449 546 575 602 οὐδ’
599 544 672 602 ἂν
690 546 863 602 ἄλλον
885 546 1100 616 ἐάσαιμι
1120 554 1231 601 τῶν
1251 548 1398 617 ἐμῶν
1419 543 1632 619 οὐδένα.

349 635 474 686 ΣΩ.
514 629 770 700 ’Ἁπειρος
790 627 873 699 ἄρ’
897 627 945 683 εἶ
961 627 1276 683 παντάπασι
1294 633 1405 683 τῶν
1424 625 1675 697 ἀνδρῶν;

146 728 177 768 c
347 719 470 769 AN.
506 713 616 767 Καὶ
638 720 755 782 εἵην
773 733 849 781 γε.

350 799 474 853 ΣΩ.
509 800 640 858 Πῶς
657 787 763 848 οὖν
782 792 879 858 ἄν,
923 787 968 847 ὦ
988 792 1264 861 δαιμόνιε,
1302 795 1496 861 εἰδείης
1524 794 1647 861 περὶ
1674 793 1877 848 τούτου

208 884 310 932 τοῦ
327 878 667 947 πράγματος,
700 883 807 931 εἴτε
828 898 879 930 τι
908 873 1128 945 ἀγαθὸν
1156 876 1306 944 ἔχει’
1281 897 1340 929 εν
1364 875 1540 947 ἑαυτῷ
1567 882 1672 929 εἴτε
1692 882 1870 943 φλαῦ-

209 978 336 1026 ρον,
357 951 426 1012 οὗ
444 977 796 1013 πανταπασιν
813 956 1037 1026 ἄπειρος
1056 963 1192 1026 εἴης·
1179 998 1193 1022 ,

348 1047 402 1094 Α
408 1045 472 1094 Ν
521 1037 762 1110 Ῥᾳδίως
800 1038 1030 1102 τούτους
1045 1045 1186 1108 γοῦν
1207 1037 1327 1093 οἶδα
1347 1035 1453 1093 οἷοι
1446 1042 1628 1109 ἐίσιν,
1660 1037 1747 1094 εἴτ’
1771 1033 1876 1094 οὖν

207 1123 432 1193 ἄπειρος
451 1120 638 1177 αὐτῶν
657 1123 761 1191 εἰμὶ
781 1129 887 1176 εἴτε
905 1120 992 1190 μή.

345 1211 471 1260 ΣΩ.
508 1203 730 1267 Μάντις
751 1201 798 1258 εἶ
816 1211 974 1270 ἴσως,
1005 1196 1251 1257 αἶ’Ἀνυτε
1268 1223 1279 1233 ·
1312 1203 1426 1258 ἐπεὶ
1445 1201 1596 1267 ὅπως
1614 1225 1676 1272 γε
1696 1203 1876 1268 ἄλλως

207 1286 373 1342 οἶσθα
403 1286 621 1342 τούτων
650 1288 801 1356 πέρι,
845 1288 897 1351 ἐξ
928 1277 1009 1339 ὧν
1037 1283 1204 1350 αὐτὸς
1233 1286 1408 1356 λέγεις
1436 1284 1762 1356 θαυμάζοιμ’
1786 1286 1870 1341 ἄν.

206 1367 343 1424 ἀλλὰ
373 1368 479 1438 γὰρ
511 1368 580 1423 οὐ
609 1366 840 1432 τούτους
869 1371 1162 1439 ἐζητοῦμεν
1189 1373 1332 1432 τίνες
1361 1372 1488 1436 εἰσί,
1527 1367 1650 1436 παρ’
1676 1366 1773 1433 οὓς
1803 1366 1876 1425 ἄν

141 1460 174 1499 D
207 1454 415 1505 Μένων
439 1448 779 1521 ἀφικόμενος
818 1449 1099 1522 μοχθηρὸς
1132 1453 1371 1520 γένοιτο·
1428 1443 1581 1504 οὗτοι
1616 1452 1717 1520 μὲν
1746 1453 1870 1521 γάρ,

205 1538 256 1589 εἰ
274 1532 344 1588 σὺ
364 1532 573 1604 βούλει,
595 1538 840 1588 ἔστωσαν
859 1538 916 1588 οἱ
932 1539 1210 1603 σοφισταί·
1244 1531 1381 1589 άλλά
1406 1532 1471 1604 δὴ
1494 1536 1739 1598 ἐκείνους
1758 1534 1872 1590 εἰπὲ

203 1611 351 1685 ἡμῖν,
374 1612 585 1669 καὶτὸν
601 1613 868 1684 πατρικὸν
887 1615 1048 1670 τόνδε
1070 1616 1285 1684 ἑταῖρον
1305 1613 1694 1687 εύεργέτησον,
1725 1616 1872 1715 φρά-

206 1713 304 1761 σας
333 1695 501 1770 αὐτω,
532 1717 680 1767 παρα
712 1703 862 1761 τίνας
891 1697 1229 1768 άφικομενος
1259 1700 1319 1753 ἐν
1339 1699 1580 1771 τοσαύτῃ
1599 1701 1752 1754 πόλει
1771 1699 1873 1769 τὴν

206 1777 411 1850 ἀρετὴν
430 1777 501 1849 ἣν
519 1785 629 1834 νῦν
649 1778 715 1849 δὴ
738 1778 843 1848 ἐγω
867 1783 1105 1850 διῆλθον
1123 1778 1314 1849 γένοιτ’
1341 1776 1413 1834 ἄν
1434 1779 1580 1845 ἄξιος
1599 1779 1785 1849 λόγου.

345 1865 470 1916 AN.
514 1866 583 1916 Τί
598 1861 655 1916 δε
675 1859 826 1934 αὐτῷ
846 1860 914 1916 οὐ
933 1861 1005 1915 σὺ
1026 1867 1296 1931 ε’·φρασας
1284 1904 1298 1928 ,

344 1948 470 1998 ΣΩ.
524 1941 655 1998 Ἀλλ’
683 1940 781 2006 οὓς
809 1943 911 2013 μὲν
941 1942 1046 2012 ἐγώ
1077 1944 1232 2017 ᾤμην
1263 1943 1627 2008 διδασκάλους
1658 1945 1870 1999 τούτων

203 2024 366 2096 εἶναι,
390 2025 571 2096 εἷπον,
594 2023 731 2080 ἀλλὰ
752 2022 1004 2094 τυγχάνω
1022 2023 1186 2082 οὐδὲν
1207 2027 1410 2096 λέγων,
1434 2022 1505 2089 ὡς
1526 2024 1596 2079 σὺ
1619 2026 1753 2098 φῄς·
1774 2030 1864 2082 καὶ

146 2118 175 2156 Ε
206 2116 338 2172 ἴσως
363 2109 414 2164 τὶ
443 2109 630 2176 λέγεις.
685 2105 822 2162 ἀλλὰ
854 2105 924 2161 σύ
958 2108 1023 2178 δὴ
1054 2110 1114 2163 ἐν
1138 2115 1216 2182 τῷ
1234 2110 1386 2177 μέρει
1404 2106 1552 2181 αὐτῷ
1583 2113 1696 2164 εἰπὲ
1718 2108 1864 2176 παρὰ

201 2195 354 2253 τίνας
374 2195 513 2260 ἔλθῃ
529 2188 839 2259 Ἀθηναίων
852 2212 862 2221 ·
903 2190 1017 2246 εἰπὲ
1038 2189 1215 2261 ὄνομα
1236 2189 1370 2244 ὅτου
1386 2189 1590 2259 βούλει.

343 2278 524 2328 ΧΧΧΙ.
597 2279 721 2327 AN.
770 2278 838 2327 Τί
855 2272 912 2327 δὲ
934 2270 1056 2337 ἑνὸς
1076 2271 1384 2341 ἀνθρώπου
1402 2270 1579 2342 ὄνομα
1599 2275 1684 2327 δεῖ
1697 2270 1868 2327 ἀκοῦ-

202 2370 320 2418 σαι;
360 2352 467 2426 ὅτῳ
489 2353 594 2423 γὰρ
617 2349 688 2408 ἂν
708 2354 904 2425 ἐντύχῃ
929 2351 1238 2425 Ἀθηναίων
1252 2360 1364 2409 τῶν
1378 2360 1564 2409 καλῶν
1580 2353 1864 2424 κάγαθῶν,

202 2433 385 2499 οὐδεὶς
413 2440 563 2490 ἐστιν
593 2433 652 2500 ὃς
683 2435 751 2490 οὐ
781 2441 975 2507 βελτίω
1015 2434 1188 2491 αὐτὸν
1219 2434 1435 2505 ποιήσει
1454 2431 1491 2506 ἦ
1511 2438 1568 2490 οἶ
1593 2441 1864 2506 σοφισταί,

199 2516 299 2570 ἐάν
317 2538 419 2587 περ
438 2519 605 2590 ἐθέλῃ
627 2525 938 2574 πείθεσθαι.

340 2605 464 2654 ΣΩ.
518 2600 772 2670 Πότερον
802 2601 860 2656 δὲ
890 2594 1042 2655 οὗτοι
1071 2604 1127 2655 οἰ
1154 2602 1311 2655 καλοὶ
1347 2599 1583 2669 κάγαθοὶ
1615 2597 1723 2652 άπὸ
1764 2606 1864 2652 τοῦ

200 2677 519 2750 αὐτομάτου
556 2685 812 2751 ἐγένοντο
851 2690 1120 2751 τοιοῦτοι,
1162 2681 1287 2754 παρ’
1325 2679 1554 2744 οὐδενὸς
1588 2678 1865 2750 μαθόντες

199 2759 347 2831 ὅμως
364 2767 551 2832 μέντοι
574 2763 778 2828 ἄλλους
810 2765 1092 2821 διδάσκειν
1111 2760 1219 2820 οἷοί
1235 2786 1291 2818 τε
1311 2762 1467 2853 ὅντες
1485 2768 1677 2832 ταῦτα,
1701 2758 1737 2816 ὁὶ
1757 2784 1860 2816 αυ-

110 2853 166 2898 93
200 2845 281 2899 τοὶ
302 2843 406 2901 οὐκ
427 2849 667 2917 ἔμαθον·
654 2887 668 2911 ,
