<?xml version="1.0" encoding="UTF-8"?>
<!DOCTYPE html PUBLIC "-//W3C//DTD XHTML 1.0 Transitional//EN"
    "http://www.w3.org/TR/xhtml1/DTD/xhtml1-transitional.dtd">
<html xmlns="http://www.w3.org/1999/xhtml" xml:lang="en" lang="en">
 <head>
  <title>
</title>
<meta http-equiv="Content-Type" content="text/html;charset=utf-8" />
  <meta name='ocr-system' content='tesseract 3.04.00' />
  <meta name='ocr-capabilities' content='ocr_page ocr_carea ocr_par ocr_line ocrx_word'/>
</head>
<body>
  <div class='ocr_page' id='page_1' title='image "./dialogisecumdumt03platuoft_0095.png"; bbox 0 0 2020 3094; ppageno 0'>
   <div class='ocr_carea' id='block_1_1' title="bbox 0 0 86 3094">
    <p class='ocr_par' dir='ltr' id='par_1_1' title="bbox 0 0 86 3094">
     <span class='ocr_line' id='line_1_1' title="bbox 0 0 86 3094; baseline 0 0"><span class='ocrx_word' id='word_1_1' title='bbox 0 0 86 3094; x_wconf 95' lang='lat' dir='ltr'><strong><em> </em></strong></span> 
     </span>
    </p>
   </div>
   <div class='ocr_carea' id='block_1_2' title="bbox 831 140 1844 194">
    <p class='ocr_par' dir='ltr' id='par_1_2' title="bbox 831 140 1844 194">
     <span class='ocr_line' id='line_1_2' title="bbox 831 140 1844 194; baseline -0.003 0"><span class='ocrx_word' id='word_1_2' title='bbox 831 145 1136 194; x_wconf 83' lang='grc' dir='ltr'><em>ΛΛΧΗΣ.</em></span> <span class='ocrx_word' id='word_1_3' title='bbox 1759 140 1844 192; x_wconf 85' lang='lat'><strong><em>61.</em></strong></span> 
     </span>
    </p>
   </div>
   <div class='ocr_carea' id='block_1_3' title="bbox 127 272 1929 2894">
    <p class='ocr_par' dir='ltr' id='par_1_3' title="bbox 138 272 1887 924">
     <span class='ocr_line' id='line_1_3' title="bbox 286 272 1827 350; baseline -0.005 -12"><span class='ocrx_word' id='word_1_4' title='bbox 286 287 413 339; x_wconf 71' lang='grc' dir='ltr'><strong><em>ΣΩ.</em></strong></span> <span class='ocrx_word' id='word_1_5' title='bbox 464 289 645 337; x_wconf 82' lang='grc' dir='ltr'><em>Δοκεῖ</em></span> <span class='ocrx_word' id='word_1_6' title='bbox 660 272 768 336; x_wconf 81' lang='grc' dir='ltr'><strong><em>οὖν</em></strong></span> <span class='ocrx_word' id='word_1_7' title='bbox 789 296 905 349; x_wconf 90' lang='grc' dir='ltr'><strong><em>σοι,</em></strong></span> <span class='ocrx_word' id='word_1_8' title='bbox 939 273 986 333; x_wconf 76' lang='grc' dir='ltr'><em>ὦ</em></span> <span class='ocrx_word' id='word_1_9' title='bbox 1012 277 1289 350; x_wconf 90' lang='grc' dir='ltr'><strong><em>δαιμόνιε,</em></strong></span> <span class='ocrx_word' id='word_1_10' title='bbox 1326 274 1646 333; x_wconf 78' lang='grc' dir='ltr'><strong><em>ἀπολείπειν</em></strong></span> <span class='ocrx_word' id='word_1_11' title='bbox 1675 275 1748 331; x_wconf 77' lang='grc' dir='ltr'><strong><em>ἄν</em></strong></span> <span class='ocrx_word' id='word_1_12' title='bbox 1774 299 1827 331; x_wconf 90' lang='grc' dir='ltr'><strong><em>τι</em></strong></span> 
     </span>
     <span class='ocr_line' id='line_1_4' title="bbox 145 357 1825 433; baseline -0.004 -12"><span class='ocrx_word' id='word_1_13' title='bbox 145 364 175 421; x_wconf 86' lang='grc' dir='ltr'><strong><em>ὁ</em></strong></span> <span class='ocrx_word' id='word_1_14' title='bbox 194 371 445 428; x_wconf 86' lang='grc' dir='ltr'><strong><em>τοιοῦτος</em></strong></span> <span class='ocrx_word' id='word_1_15' title='bbox 479 361 703 433; x_wconf 86' lang='grc' dir='ltr'><strong><em>ἀρετῆς,</em></strong></span> <span class='ocrx_word' id='word_1_16' title='bbox 743 369 895 430; x_wconf 77' lang='grc' dir='ltr'><strong><em>εἰπερ</em></strong></span> <span class='ocrx_word' id='word_1_17' title='bbox 926 364 1091 432; x_wconf 78' lang='grc' dir='ltr'><em>εἰδείη</em></span> <span class='ocrx_word' id='word_1_18' title='bbox 1123 361 1189 416; x_wconf 87' lang='grc' dir='ltr'><strong><em>τά</em></strong></span> <span class='ocrx_word' id='word_1_19' title='bbox 1218 381 1277 416; x_wconf 90' lang='grc' dir='ltr'><strong><em>τε</em></strong></span> <span class='ocrx_word' id='word_1_20' title='bbox 1304 357 1494 429; x_wconf 75' lang='grc' dir='ltr'><strong><em>ἀγαθοὶ</em></strong></span> <span class='ocrx_word' id='word_1_21' title='bbox 1522 358 1705 414; x_wconf 86' lang='grc' dir='ltr'><strong><em>πάντα</em></strong></span> <span class='ocrx_word' id='word_1_22' title='bbox 1733 358 1825 414; x_wconf 85' lang='grc' dir='ltr'><strong><em>καὶ</em></strong></span> 
     </span>
     <span class='ocr_line' id='line_1_5' title="bbox 143 437 1824 515; baseline -0.006 -12"><span class='ocrx_word' id='word_1_23' title='bbox 143 447 496 502; x_wconf 81' lang='grc' dir='ltr'><strong><em>παντάπασιν</em></strong></span> <span class='ocrx_word' id='word_1_24' title='bbox 516 443 591 510; x_wconf 77' lang='grc' dir='ltr'><strong><em>ὥς</em></strong></span> <span class='ocrx_word' id='word_1_25' title='bbox 610 449 855 515; x_wconf 78' lang='grc' dir='ltr'><strong><em>γίγνεται</em></strong></span> <span class='ocrx_word' id='word_1_26' title='bbox 873 444 964 499; x_wconf 84' lang='grc' dir='ltr'><strong><em>καὶ</em></strong></span> <span class='ocrx_word' id='word_1_27' title='bbox 983 442 1271 514; x_wconf 77' lang='grc' dir='ltr'><strong><em>γενήσεται</em></strong></span> <span class='ocrx_word' id='word_1_28' title='bbox 1289 442 1379 497; x_wconf 88' lang='grc' dir='ltr'><strong><em>καὶ</em></strong></span> <span class='ocrx_word' id='word_1_29' title='bbox 1395 443 1590 511; x_wconf 78' lang='grc' dir='ltr'><strong><em>γέγονε</em></strong></span> <span class='ocrx_word' id='word_1_30' title='bbox 1604 482 1617 507; x_wconf 88' lang='grc'><strong><em>,</em></strong></span> <span class='ocrx_word' id='word_1_31' title='bbox 1648 437 1824 495; x_wconf 79' lang='grc' dir='ltr'><strong><em>καὶτὰ</em></strong></span> 
     </span>
     <span class='ocr_line' id='line_1_6' title="bbox 143 521 1826 592; baseline -0.005 -7"><span class='ocrx_word' id='word_1_32' title='bbox 143 525 287 585; x_wconf 83' lang='grc' dir='ltr'><strong><em>κακά</em></strong></span> <span class='ocrx_word' id='word_1_33' title='bbox 310 525 600 592; x_wconf 71' lang='grc' dir='ltr'><strong><em>ὡσαύτωςς</em></strong></span> <span class='ocrx_word' id='word_1_34' title='bbox 624 527 716 582; x_wconf 86' lang='grc' dir='ltr'><strong><em>καὶ</em></strong></span> <span class='ocrx_word' id='word_1_35' title='bbox 734 532 938 580; x_wconf 81' lang='grc' dir='ltr'><strong><em>τοῦτον</em></strong></span> <span class='ocrx_word' id='word_1_36' title='bbox 952 533 1057 581; x_wconf 79' lang='grc' dir='ltr'><strong><em>οἴει</em></strong></span> <span class='ocrx_word' id='word_1_37' title='bbox 1077 521 1149 579; x_wconf 77' lang='grc' dir='ltr'><strong><em>ἀν</em></strong></span> <span class='ocrx_word' id='word_1_38' title='bbox 1168 523 1240 580; x_wconf 86' lang='grc' dir='ltr'><strong><em>σύ</em></strong></span> <span class='ocrx_word' id='word_1_39' title='bbox 1256 526 1419 580; x_wconf 82' lang='grc' dir='ltr'><strong><em>ἐνδεᾶ</em></strong></span> <span class='ocrx_word' id='word_1_40' title='bbox 1438 523 1578 578; x_wconf 84' lang='grc' dir='ltr'><strong><em>εἶναι</em></strong></span> <span class='ocrx_word' id='word_1_41' title='bbox 1597 538 1826 592; x_wconf 87' lang='grc' dir='ltr'><strong><em>σωφρο-</em></strong></span> 
     </span>
     <span class='ocr_line' id='line_1_7' title="bbox 144 597 1825 681; baseline -0.005 -15"><span class='ocrx_word' id='word_1_42' title='bbox 144 610 317 681; x_wconf 75' lang='grc' dir='ltr'><strong><em>σύνης</em></strong></span> <span class='ocrx_word' id='word_1_43' title='bbox 333 605 371 680; x_wconf 83' lang='grc' dir='ltr'><strong><em>ἦ</em></strong></span> <span class='ocrx_word' id='word_1_44' title='bbox 387 607 745 678; x_wconf 81' lang='grc' dir='ltr'><strong><em>δικαιοσύνης</em></strong></span> <span class='ocrx_word' id='word_1_45' title='bbox 761 628 820 662; x_wconf 84' lang='grc' dir='ltr'><strong><em>τε</em></strong></span> <span class='ocrx_word' id='word_1_46' title='bbox 838 607 930 661; x_wconf 86' lang='grc' dir='ltr'><strong><em>καὶ</em></strong></span> <span class='ocrx_word' id='word_1_47' title='bbox 950 603 1259 676; x_wconf 83' lang='grc' dir='ltr'><strong><em>ὁσιότητος,</em></strong></span> <span class='ocrx_word' id='word_1_48' title='bbox 1293 597 1339 679; x_wconf 73' lang='grc' dir='ltr'><em>ᾦ</em></span> <span class='ocrx_word' id='word_1_49' title='bbox 1357 626 1419 676; x_wconf 79' lang='grc' dir='ltr'><strong><em>γε</em></strong></span> <span class='ocrx_word' id='word_1_50' title='bbox 1437 604 1591 677; x_wconf 92' lang='grc' dir='ltr'><strong><em>μόνῳ</em></strong></span> <span class='ocrx_word' id='word_1_51' title='bbox 1610 602 1825 675; x_wconf 86' lang='grc' dir='ltr'><strong><em>προσή-</em></strong></span> 
     </span>
     <span class='ocr_line' id='line_1_8' title="bbox 141 686 1823 761; baseline -0.005 -14"><span class='ocrx_word' id='word_1_52' title='bbox 141 714 226 747; x_wconf 85' lang='grc' dir='ltr'><strong><em>κει</em></strong></span> <span class='ocrx_word' id='word_1_53' title='bbox 244 692 336 747; x_wconf 83' lang='grc' dir='ltr'><strong><em>καὶ</em></strong></span> <span class='ocrx_word' id='word_1_54' title='bbox 363 691 488 761; x_wconf 89' lang='grc' dir='ltr'><strong><em>περὶ</em></strong></span> <span class='ocrx_word' id='word_1_55' title='bbox 514 686 689 754; x_wconf 81' lang='grc' dir='ltr'><strong><em>θεοὺς</em></strong></span> <span class='ocrx_word' id='word_1_56' title='bbox 707 689 799 743; x_wconf 86' lang='grc' dir='ltr'><strong><em>καὶ</em></strong></span> <span class='ocrx_word' id='word_1_57' title='bbox 821 690 943 755; x_wconf 87' lang='grc' dir='ltr'><strong><em>περὶ</em></strong></span> <span class='ocrx_word' id='word_1_58' title='bbox 972 686 1313 757; x_wconf 74' lang='grc' dir='ltr'><strong><em>ἀνθρώπους</em></strong></span> <span class='ocrx_word' id='word_1_59' title='bbox 1332 689 1750 758; x_wconf 80' lang='grc' dir='ltr'><strong><em>ἐξευλαβεῖσθαί</em></strong></span> <span class='ocrx_word' id='word_1_60' title='bbox 1763 705 1823 739; x_wconf 87' lang='grc' dir='ltr'><strong><em>τε</em></strong></span> 
     </span>
     <span class='ocr_line' id='line_1_9' title="bbox 138 766 1887 842; baseline -0.005 -15"><span class='ocrx_word' id='word_1_61' title='bbox 138 771 204 827; x_wconf 68' lang='lat' dir='ltr'><strong><em>to}</em></strong></span> <span class='ocrx_word' id='word_1_62' title='bbox 225 770 379 828; x_wconf 80' lang='grc' dir='ltr'><strong><em>δεινὰ</em></strong></span> <span class='ocrx_word' id='word_1_63' title='bbox 399 769 574 827; x_wconf 78' lang='grc' dir='ltr'><strong><em>καὶτὰ</em></strong></span> <span class='ocrx_word' id='word_1_64' title='bbox 592 770 694 842; x_wconf 87' lang='grc' dir='ltr'><strong><em>μή,</em></strong></span> <span class='ocrx_word' id='word_1_65' title='bbox 732 771 823 824; x_wconf 87' lang='grc' dir='ltr'><strong><em>καὶ</em></strong></span> <span class='ocrx_word' id='word_1_66' title='bbox 841 766 1060 839; x_wconf 79' lang='grc' dir='ltr'><strong><em>τάγαθὰ</em></strong></span> <span class='ocrx_word' id='word_1_67' title='bbox 1090 773 1437 839; x_wconf 80' lang='grc' dir='ltr'><strong><em>πορίζεσθαι,</em></strong></span> <span class='ocrx_word' id='word_1_68' title='bbox 1478 766 1818 840; x_wconf 77' lang='grc' dir='ltr'><strong><em>ἐπισταμένῳ</em></strong></span> <span class='ocrx_word' id='word_1_69' title='bbox 1853 775 1887 816; x_wconf 83' lang='lat' dir='ltr'>E</span> 
     </span>
     <span class='ocr_line' id='line_1_10' title="bbox 138 851 730 924; baseline -0.003 -15"><span class='ocrx_word' id='word_1_70' title='bbox 138 851 328 923; x_wconf 79' lang='grc' dir='ltr'><strong><em>ὀρθῶς</em></strong></span> <span class='ocrx_word' id='word_1_71' title='bbox 345 859 730 924; x_wconf 83' lang='grc' dir='ltr'><strong><em>προσομιλεῖν;</em></strong></span> 
     </span>
    </p>

    <p class='ocr_par' dir='ltr' id='par_1_4' title="bbox 278 926 1415 1005">
     <span class='ocr_line' id='line_1_11' title="bbox 278 926 1415 1005; baseline -0.003 -14"><span class='ocrx_word' id='word_1_72' title='bbox 278 940 383 991; x_wconf 92' lang='grc' dir='ltr'><strong><em>ΝΙ.</em></strong></span> <span class='ocrx_word' id='word_1_73' title='bbox 435 936 635 1005; x_wconf 80' lang='grc' dir='ltr'><strong><em>Λέγειν</em></strong></span> <span class='ocrx_word' id='word_1_74' title='bbox 656 935 707 989; x_wconf 88' lang='grc' dir='ltr'><strong><em>τὶ</em></strong></span> <span class='ocrx_word' id='word_1_75' title='bbox 727 926 774 989; x_wconf 73' lang='grc' dir='ltr'><em>ὦ</em></span> <span class='ocrx_word' id='word_1_76' title='bbox 791 934 1089 1003; x_wconf 73' lang='grc' dir='ltr'><strong><em>Σώκρατές</em></strong></span> <span class='ocrx_word' id='word_1_77' title='bbox 1106 954 1201 1003; x_wconf 87' lang='grc' dir='ltr'><strong><em>μοι</em></strong></span> <span class='ocrx_word' id='word_1_78' title='bbox 1223 936 1415 998; x_wconf 79' lang='grc' dir='ltr'><strong><em>δοκεῖς.</em></strong></span> 
     </span>
    </p>

    <p class='ocr_par' dir='ltr' id='par_1_5' title="bbox 139 1009 1816 1169">
     <span class='ocr_line' id='line_1_12' title="bbox 278 1009 1816 1086; baseline -0.003 -14"><span class='ocrx_word' id='word_1_79' title='bbox 278 1021 403 1072; x_wconf 74' lang='grc' dir='ltr'><strong><em>ΣΩ.</em></strong></span> <span class='ocrx_word' id='word_1_80' title='bbox 465 1014 586 1072; x_wconf 81' lang='grc' dir='ltr'><strong><em>Οὐκ</em></strong></span> <span class='ocrx_word' id='word_1_81' title='bbox 615 1015 752 1085; x_wconf 75' lang='grc' dir='ltr'><strong><em>ἄρα,</em></strong></span> <span class='ocrx_word' id='word_1_82' title='bbox 795 1009 842 1070; x_wconf 74' lang='grc' dir='ltr'><em>ὦ</em></span> <span class='ocrx_word' id='word_1_83' title='bbox 868 1020 1067 1085; x_wconf 89' lang='grc' dir='ltr'><strong><em>Νικία,</em></strong></span> <span class='ocrx_word' id='word_1_84' title='bbox 1105 1014 1307 1086; x_wconf 91' lang='grc' dir='ltr'><strong><em>μόριον</em></strong></span> <span class='ocrx_word' id='word_1_85' title='bbox 1335 1013 1534 1085; x_wconf 87' lang='grc' dir='ltr'><strong><em>ἀρετῆς</em></strong></span> <span class='ocrx_word' id='word_1_86' title='bbox 1561 1010 1632 1068; x_wconf 73' lang='grc' dir='ltr'><strong><em>ἂν</em></strong></span> <span class='ocrx_word' id='word_1_87' title='bbox 1652 1020 1734 1083; x_wconf 77' lang='grc' dir='ltr'><strong><em>εἴη</em></strong></span> <span class='ocrx_word' id='word_1_88' title='bbox 1755 1011 1816 1067; x_wconf 86' lang='grc' dir='ltr'><strong><em>τὸ</em></strong></span> 
     </span>
     <span class='ocr_line' id='line_1_13' title="bbox 139 1094 1349 1169; baseline -0.003 -15"><span class='ocrx_word' id='word_1_89' title='bbox 139 1105 245 1154; x_wconf 83' lang='grc' dir='ltr'><strong><em>νῦν</em></strong></span> <span class='ocrx_word' id='word_1_90' title='bbox 264 1116 351 1154; x_wconf 90' lang='grc' dir='ltr'><strong><em>σοι</em></strong></span> <span class='ocrx_word' id='word_1_91' title='bbox 368 1098 699 1169; x_wconf 79' lang='grc' dir='ltr'><strong><em>λεγόμενον,</em></strong></span> <span class='ocrx_word' id='word_1_92' title='bbox 720 1094 861 1153; x_wconf 81' lang='grc' dir='ltr'><strong><em>ἀλλὰ</em></strong></span> <span class='ocrx_word' id='word_1_93' title='bbox 881 1096 1146 1167; x_wconf 82' lang='grc' dir='ltr'><strong><em>σύμπασα</em></strong></span> <span class='ocrx_word' id='word_1_94' title='bbox 1165 1094 1349 1167; x_wconf 86' lang='grc' dir='ltr'><strong><em>ἀρετή.</em></strong></span> 
     </span>
    </p>

    <p class='ocr_par' dir='ltr' id='par_1_6' title="bbox 275 1179 650 1237">
     <span class='ocr_line' id='line_1_14' title="bbox 275 1179 650 1237; baseline 0 -1"><span class='ocrx_word' id='word_1_95' title='bbox 275 1187 379 1237; x_wconf 91' lang='grc' dir='ltr'><strong><em>ΝΙ.</em></strong></span> <span class='ocrx_word' id='word_1_96' title='bbox 416 1179 650 1237; x_wconf 76' lang='grc' dir='ltr'><strong><em>Ἔοικεν.</em></strong></span> 
     </span>
    </p>

    <p class='ocr_par' dir='ltr' id='par_1_7' title="bbox 135 1259 1815 1417">
     <span class='ocr_line' id='line_1_15' title="bbox 276 1259 1815 1334; baseline -0.003 -15"><span class='ocrx_word' id='word_1_97' title='bbox 276 1268 401 1322; x_wconf 76' lang='grc' dir='ltr'><strong><em>ΣΩ.</em></strong></span> <span class='ocrx_word' id='word_1_98' title='bbox 453 1264 564 1319; x_wconf 85' lang='grc' dir='ltr'><strong><em>Καὶ</em></strong></span> <span class='ocrx_word' id='word_1_99' title='bbox 592 1263 706 1334; x_wconf 89' lang='grc' dir='ltr'><strong><em>μὴν</em></strong></span> <span class='ocrx_word' id='word_1_100' title='bbox 733 1264 943 1332; x_wconf 83' lang='grc' dir='ltr'><strong><em>ἔφαμέν</em></strong></span> <span class='ocrx_word' id='word_1_101' title='bbox 971 1283 1034 1331; x_wconf 77' lang='grc' dir='ltr'><strong><em>γε</em></strong></span> <span class='ocrx_word' id='word_1_102' title='bbox 1052 1259 1158 1332; x_wconf 79' lang='grc' dir='ltr'><strong><em>τὴν</em></strong></span> <span class='ocrx_word' id='word_1_103' title='bbox 1175 1259 1437 1331; x_wconf 80' lang='grc' dir='ltr'><strong><em>ἀνδρείαν</em></strong></span> <span class='ocrx_word' id='word_1_104' title='bbox 1456 1260 1658 1332; x_wconf 89' lang='grc' dir='ltr'><strong><em>μόριον</em></strong></span> <span class='ocrx_word' id='word_1_105' title='bbox 1681 1260 1815 1317; x_wconf 86' lang='grc' dir='ltr'><strong><em>εἶναι</em></strong></span> 
     </span>
     <span class='ocr_line' id='line_1_16' title="bbox 135 1343 672 1417; baseline -0.002 -17"><span class='ocrx_word' id='word_1_106' title='bbox 135 1346 199 1400; x_wconf 79' lang='grc' dir='ltr'><strong><em>ἓν</em></strong></span> <span class='ocrx_word' id='word_1_107' title='bbox 216 1351 330 1400; x_wconf 79' lang='grc' dir='ltr'><strong><em>τῶν</em></strong></span> <span class='ocrx_word' id='word_1_108' title='bbox 347 1351 445 1417; x_wconf 85' lang='grc' dir='ltr'><strong><em>τῆς</em></strong></span> <span class='ocrx_word' id='word_1_109' title='bbox 461 1343 672 1416; x_wconf 85' lang='grc' dir='ltr'><strong><em>ἀρετῆς.</em></strong></span> 
     </span>
    </p>

    <p class='ocr_par' dir='ltr' id='par_1_8' title="bbox 274 1423 807 1497">
     <span class='ocr_line' id='line_1_17' title="bbox 274 1423 807 1497; baseline 0 -17"><span class='ocrx_word' id='word_1_110' title='bbox 274 1431 376 1481; x_wconf 92' lang='grc' dir='ltr'><strong><em>ΝΙ.</em></strong></span> <span class='ocrx_word' id='word_1_111' title='bbox 412 1423 667 1497; x_wconf 79' lang='grc' dir='ltr'><strong><em>’Έφαμεν</em></strong></span> <span class='ocrx_word' id='word_1_112' title='bbox 683 1425 807 1495; x_wconf 74' lang='grc' dir='ltr'><strong><em>γάρ.</em></strong></span> 
     </span>
    </p>

    <p class='ocr_par' dir='ltr' id='par_1_9' title="bbox 273 1506 1522 1578">
     <span class='ocr_line' id='line_1_18' title="bbox 273 1506 1522 1578; baseline -0.003 -14"><span class='ocrx_word' id='word_1_113' title='bbox 273 1513 400 1564; x_wconf 74' lang='grc' dir='ltr'><strong><em>ΣΩ.</em></strong></span> <span class='ocrx_word' id='word_1_114' title='bbox 462 1507 537 1564; x_wconf 66' lang='lat' dir='ltr'><strong><em>T&amp;</em></strong></span> <span class='ocrx_word' id='word_1_115' title='bbox 558 1511 621 1563; x_wconf 86' lang='grc' dir='ltr'><strong><em>δέ</em></strong></span> <span class='ocrx_word' id='word_1_116' title='bbox 631 1529 694 1577; x_wconf 80' lang='grc' dir='ltr'><strong><em>γε</em></strong></span> <span class='ocrx_word' id='word_1_117' title='bbox 712 1513 822 1563; x_wconf 83' lang='grc' dir='ltr'><strong><em>νῦν</em></strong></span> <span class='ocrx_word' id='word_1_118' title='bbox 840 1507 1145 1578; x_wconf 79' lang='grc' dir='ltr'><strong><em>λεγόμενον</em></strong></span> <span class='ocrx_word' id='word_1_119' title='bbox 1163 1506 1233 1563; x_wconf 83' lang='grc' dir='ltr'><strong><em>οὐ</em></strong></span> <span class='ocrx_word' id='word_1_120' title='bbox 1253 1512 1522 1578; x_wconf 88' lang='grc' dir='ltr'><strong><em>φαίνεται.</em></strong></span> 
     </span>
    </p>

    <p class='ocr_par' dir='ltr' id='par_1_10' title="bbox 271 1587 780 1646">
     <span class='ocr_line' id='line_1_19' title="bbox 271 1587 780 1646; baseline -0.002 -1"><span class='ocrx_word' id='word_1_121' title='bbox 271 1594 375 1646; x_wconf 90' lang='grc' dir='ltr'><strong><em>ΝΙ.</em></strong></span> <span class='ocrx_word' id='word_1_122' title='bbox 436 1587 557 1646; x_wconf 85' lang='grc' dir='ltr'><strong><em>Οὐκ</em></strong></span> <span class='ocrx_word' id='word_1_123' title='bbox 586 1595 780 1646; x_wconf 83' lang='grc' dir='ltr'><strong><em>ἔοικεν.</em></strong></span> 
     </span>
    </p>

    <p class='ocr_par' dir='ltr' id='par_1_11' title="bbox 132 1667 1815 1812">
     <span class='ocr_line' id='line_1_20' title="bbox 274 1667 1815 1746; baseline -0.003 -16"><span class='ocrx_word' id='word_1_124' title='bbox 274 1678 397 1730; x_wconf 77' lang='grc' dir='ltr'><strong><em>ΣΩ.</em></strong></span> <span class='ocrx_word' id='word_1_125' title='bbox 455 1671 576 1730; x_wconf 83' lang='grc' dir='ltr'><strong><em>Οὐκ</em></strong></span> <span class='ocrx_word' id='word_1_126' title='bbox 607 1673 715 1743; x_wconf 76' lang='grc' dir='ltr'><strong><em>ἄρα</em></strong></span> <span class='ocrx_word' id='word_1_127' title='bbox 745 1671 1087 1746; x_wconf 83' lang='grc' dir='ltr'><strong><em>εὑρήκαμεν,</em></strong></span> <span class='ocrx_word' id='word_1_128' title='bbox 1127 1667 1174 1729; x_wconf 76' lang='grc' dir='ltr'><em>ὦ</em></span> <span class='ocrx_word' id='word_1_129' title='bbox 1207 1679 1377 1729; x_wconf 87' lang='grc' dir='ltr'><strong><em>Νικία</em></strong></span> <span class='ocrx_word' id='word_1_130' title='bbox 1393 1716 1408 1742; x_wconf 93' lang='grc'><strong><em>,</em></strong></span> <span class='ocrx_word' id='word_1_131' title='bbox 1447 1669 1674 1743; x_wconf 87' lang='grc' dir='ltr'><strong><em>ἀνδρεία</em></strong></span> <span class='ocrx_word' id='word_1_132' title='bbox 1704 1667 1739 1726; x_wconf 79' lang='grc' dir='ltr'><strong><em>δ’</em></strong></span> <span class='ocrx_word' id='word_1_133' title='bbox 1764 1692 1815 1726; x_wconf 90' lang='grc' dir='ltr'><strong><em>τι</em></strong></span> 
     </span>
     <span class='ocr_line' id='line_1_21' title="bbox 132 1773 294 1812; baseline -0.012 0"><span class='ocrx_word' id='word_1_134' title='bbox 132 1773 294 1812; x_wconf 83' lang='grc' dir='ltr'><strong><em>εστιν.</em></strong></span> 
     </span>
    </p>

    <p class='ocr_par' dir='ltr' id='par_1_12' title="bbox 270 1835 879 1910">
     <span class='ocr_line' id='line_1_22' title="bbox 270 1835 879 1910; baseline -0.003 -17"><span class='ocrx_word' id='word_1_135' title='bbox 270 1844 375 1894; x_wconf 91' lang='grc' dir='ltr'><strong><em>ΝΙ.</em></strong></span> <span class='ocrx_word' id='word_1_136' title='bbox 436 1835 523 1894; x_wconf 83' lang='grc' dir='ltr'><strong><em>Οὐ</em></strong></span> <span class='ocrx_word' id='word_1_137' title='bbox 546 1838 879 1910; x_wconf 84' lang='grc' dir='ltr'><strong><em>φαινόμεθα.</em></strong></span> 
     </span>
    </p>

    <p class='ocr_par' dir='ltr' id='par_1_13' title="bbox 130 1914 1929 2240">
     <span class='ocr_line' id='line_1_23' title="bbox 271 1914 1838 1994; baseline -0.001 -18"><span class='ocrx_word' id='word_1_138' title='bbox 271 1928 390 1976; x_wconf 86' lang='grc' dir='ltr'><strong><em>ΛΑ.</em></strong></span> <span class='ocrx_word' id='word_1_139' title='bbox 445 1922 555 1977; x_wconf 81' lang='grc' dir='ltr'><strong><em>Καὶ</em></strong></span> <span class='ocrx_word' id='word_1_140' title='bbox 574 1918 689 1992; x_wconf 82' lang='grc' dir='ltr'><strong><em>μὴν</em></strong></span> <span class='ocrx_word' id='word_1_141' title='bbox 709 1925 880 1992; x_wconf 77' lang='grc' dir='ltr'><strong><em>ἔγωγε</em></strong></span> <span class='ocrx_word' id='word_1_142' title='bbox 894 1964 910 1992; x_wconf 95' lang='grc'><strong><em>,</em></strong></span> <span class='ocrx_word' id='word_1_143' title='bbox 946 1915 990 1976; x_wconf 74' lang='grc' dir='ltr'><em>ὦ</em></span> <span class='ocrx_word' id='word_1_144' title='bbox 1010 1927 1136 1993; x_wconf 83' lang='grc' dir='ltr'><strong><em>φίλε</em></strong></span> <span class='ocrx_word' id='word_1_145' title='bbox 1156 1925 1352 1991; x_wconf 88' lang='grc' dir='ltr'><strong><em>Νικιά,</em></strong></span> <span class='ocrx_word' id='word_1_146' title='bbox 1388 1918 1547 1994; x_wconf 69' lang='grc' dir='ltr'><strong><em>ᾤμην</em></strong></span> <span class='ocrx_word' id='word_1_147' title='bbox 1566 1936 1627 1974; x_wconf 87' lang='grc' dir='ltr'><strong><em>σε</em></strong></span> <span class='ocrx_word' id='word_1_148' title='bbox 1648 1914 1838 1989; x_wconf 86' lang='grc' dir='ltr'><strong><em>εὑρή-.</em></strong></span> 
     </span>
     <span class='ocr_line' id='line_1_24' title="bbox 131 1999 1929 2076; baseline -0.003 -18"><span class='ocrx_word' id='word_1_149' title='bbox 131 2020 278 2073; x_wconf 89' lang='grc' dir='ltr'><strong><em>σειν,</em></strong></span> <span class='ocrx_word' id='word_1_150' title='bbox 314 2000 501 2073; x_wconf 81' lang='grc' dir='ltr'><strong><em>ἐπειδὴ</em></strong></span> <span class='ocrx_word' id='word_1_151' title='bbox 532 2004 669 2073; x_wconf 80' lang='grc' dir='ltr'><strong><em>ἐμοῦ</em></strong></span> <span class='ocrx_word' id='word_1_152' title='bbox 686 2002 1107 2076; x_wconf 80' lang='grc' dir='ltr'><strong><em>κατεφρόνησας</em></strong></span> <span class='ocrx_word' id='word_1_153' title='bbox 1126 2001 1416 2072; x_wconf 77' lang='grc' dir='ltr'><strong><em>Σωκράτει</em></strong></span> <span class='ocrx_word' id='word_1_154' title='bbox 1437 1999 1814 2071; x_wconf 82' lang='grc' dir='ltr'><strong><em>ἀποκριναμέ-</em></strong></span> <span class='ocrx_word' id='word_1_155' title='bbox 1843 2011 1929 2054; x_wconf 81' lang='lat'><strong><em>200</em></strong></span> 
     </span>
     <span class='ocr_line' id='line_1_25' title="bbox 130 2082 1817 2158; baseline -0.002 -17"><span class='ocrx_word' id='word_1_156' title='bbox 130 2108 258 2141; x_wconf 84' lang='grc' dir='ltr'><strong><em>νου·</em></strong></span> <span class='ocrx_word' id='word_1_157' title='bbox 281 2086 432 2142; x_wconf 82' lang='grc' dir='ltr'><strong><em>πάνυ</em></strong></span> <span class='ocrx_word' id='word_1_158' title='bbox 462 2083 529 2156; x_wconf 87' lang='grc' dir='ltr'><strong><em>δὴ</em></strong></span> <span class='ocrx_word' id='word_1_159' title='bbox 550 2085 798 2157; x_wconf 74' lang='grc' dir='ltr'><strong><em>μεγάλην</em></strong></span> <span class='ocrx_word' id='word_1_160' title='bbox 816 2088 1012 2142; x_wconf 81' lang='grc' dir='ltr'><strong><em>ἐλπίδα</em></strong></span> <span class='ocrx_word' id='word_1_161' title='bbox 1033 2085 1197 2157; x_wconf 82' lang='grc' dir='ltr'><strong><em>εἶχον,</em></strong></span> <span class='ocrx_word' id='word_1_162' title='bbox 1221 2084 1294 2150; x_wconf 81' lang='grc' dir='ltr'><strong><em>ὠς</em></strong></span> <span class='ocrx_word' id='word_1_163' title='bbox 1312 2092 1379 2158; x_wconf 85' lang='grc' dir='ltr'><strong><em>τῇ</em></strong></span> <span class='ocrx_word' id='word_1_164' title='bbox 1401 2082 1550 2153; x_wconf 85' lang='grc' dir='ltr'><strong><em>παρά</em></strong></span> <span class='ocrx_word' id='word_1_165' title='bbox 1571 2089 1674 2139; x_wconf 81' lang='grc' dir='ltr'><strong><em>τοῦ</em></strong></span> <span class='ocrx_word' id='word_1_166' title='bbox 1692 2082 1817 2138; x_wconf 91' lang='grc' dir='ltr'><strong><em>Δά-</em></strong></span> 
     </span>
     <span class='ocr_line' id='line_1_26' title="bbox 130 2164 1061 2240; baseline 0.001 -17"><span class='ocrx_word' id='word_1_167' title='bbox 130 2189 314 2238; x_wconf 84' lang='grc' dir='ltr'><strong><em>μωνος</em></strong></span> <span class='ocrx_word' id='word_1_168' title='bbox 332 2172 503 2240; x_wconf 80' lang='grc' dir='ltr'><strong><em>σοφίᾳ</em></strong></span> <span class='ocrx_word' id='word_1_169' title='bbox 523 2164 703 2237; x_wconf 83' lang='grc' dir='ltr'><strong><em>αὐτὴν</em></strong></span> <span class='ocrx_word' id='word_1_170' title='bbox 721 2166 1061 2239; x_wconf 84' lang='grc' dir='ltr'><strong><em>ἀνευρήσεις.</em></strong></span> 
     </span>
    </p>

    <p class='ocr_par' dir='ltr' id='par_1_14' title="bbox 127 2243 1874 2894">
     <span class='ocr_line' id='line_1_27' title="bbox 269 2243 1815 2322; baseline -0.002 -16"><span class='ocrx_word' id='word_1_171' title='bbox 269 2254 427 2306; x_wconf 80' lang='lat' dir='ltr'>XXX.</span> <span class='ocrx_word' id='word_1_172' title='bbox 496 2254 599 2305; x_wconf 87' lang='lat' dir='ltr'><strong><em>NI.</em></strong></span> <span class='ocrx_word' id='word_1_173' title='bbox 660 2243 747 2304; x_wconf 84' lang='grc' dir='ltr'><strong><em>Εὖ</em></strong></span> <span class='ocrx_word' id='word_1_174' title='bbox 773 2272 865 2320; x_wconf 78' lang='grc' dir='ltr'><strong><em>γε,</em></strong></span> <span class='ocrx_word' id='word_1_175' title='bbox 904 2243 949 2305; x_wconf 73' lang='grc' dir='ltr'><em>ὦ</em></span> <span class='ocrx_word' id='word_1_176' title='bbox 976 2251 1190 2322; x_wconf 86' lang='grc' dir='ltr'><strong><em>Λάχης,</em></strong></span> <span class='ocrx_word' id='word_1_177' title='bbox 1229 2249 1314 2306; x_wconf 83' lang='grc' dir='ltr'><strong><em>ὅτι</em></strong></span> <span class='ocrx_word' id='word_1_178' title='bbox 1333 2247 1501 2304; x_wconf 80' lang='grc' dir='ltr'><strong><em>οὐδὲν</em></strong></span> <span class='ocrx_word' id='word_1_179' title='bbox 1521 2255 1622 2303; x_wconf 84' lang='grc' dir='ltr'><strong><em>οῑει</em></strong></span> <span class='ocrx_word' id='word_1_180' title='bbox 1642 2246 1714 2302; x_wconf 79' lang='grc' dir='ltr'><strong><em>σὺ</em></strong></span> <span class='ocrx_word' id='word_1_181' title='bbox 1736 2252 1815 2303; x_wconf 79' lang='grc' dir='ltr'><strong><em>ἔτι</em></strong></span> 
     </span>
     <span class='ocr_line' id='line_1_28' title="bbox 127 2328 1813 2403; baseline -0.001 -16"><span class='ocrx_word' id='word_1_182' title='bbox 127 2338 351 2403; x_wconf 79' lang='grc' dir='ltr'><strong><em>πρᾶγμα</em></strong></span> <span class='ocrx_word' id='word_1_183' title='bbox 373 2330 530 2398; x_wconf 84' lang='grc' dir='ltr'><strong><em>εἶναι,</em></strong></span> <span class='ocrx_word' id='word_1_184' title='bbox 551 2329 637 2386; x_wconf 82' lang='grc' dir='ltr'><strong><em>ὅτι</em></strong></span> <span class='ocrx_word' id='word_1_185' title='bbox 657 2328 826 2396; x_wconf 81' lang='grc' dir='ltr'><strong><em>αὐτὸς</em></strong></span> <span class='ocrx_word' id='word_1_186' title='bbox 844 2330 970 2401; x_wconf 74' lang='grc' dir='ltr'><strong><em>ἄρτι</em></strong></span> <span class='ocrx_word' id='word_1_187' title='bbox 988 2332 1200 2403; x_wconf 79' lang='grc' dir='ltr'><strong><em>ἐφάνης</em></strong></span> <span class='ocrx_word' id='word_1_188' title='bbox 1219 2330 1479 2400; x_wconf 79' lang='grc' dir='ltr'><strong><em>ἀνδρείας</em></strong></span> <span class='ocrx_word' id='word_1_189' title='bbox 1498 2331 1623 2399; x_wconf 82' lang='grc' dir='ltr'><strong><em>πέρι</em></strong></span> <span class='ocrx_word' id='word_1_190' title='bbox 1648 2328 1813 2386; x_wconf 78' lang='grc' dir='ltr'><strong><em>οὐδὲν</em></strong></span> 
     </span>
     <span class='ocr_line' id='line_1_29' title="bbox 129 2410 1811 2484; baseline 0 -16"><span class='ocrx_word' id='word_1_191' title='bbox 129 2413 312 2482; x_wconf 76' lang='grc' dir='ltr'><strong><em>εἰδώς,</em></strong></span> <span class='ocrx_word' id='word_1_192' title='bbox 350 2411 474 2468; x_wconf 84' lang='grc' dir='ltr'><strong><em>ἀλλ’</em></strong></span> <span class='ocrx_word' id='word_1_193' title='bbox 509 2417 560 2468; x_wconf 84' lang='grc' dir='ltr'><strong><em>εἰ</em></strong></span> <span class='ocrx_word' id='word_1_194' title='bbox 585 2413 676 2468; x_wconf 82' lang='grc' dir='ltr'><strong><em>καὶ</em></strong></span> <span class='ocrx_word' id='word_1_195' title='bbox 706 2410 812 2484; x_wconf 74' lang='grc' dir='ltr'><strong><em>ἐγώ</em></strong></span> <span class='ocrx_word' id='word_1_196' title='bbox 851 2413 1037 2482; x_wconf 80' lang='grc' dir='ltr'><strong><em>ἕτερος</em></strong></span> <span class='ocrx_word' id='word_1_197' title='bbox 1073 2421 1323 2479; x_wconf 83' lang='grc' dir='ltr'><strong><em>τοιοῦτος</em></strong></span> <span class='ocrx_word' id='word_1_198' title='bbox 1360 2411 1811 2484; x_wconf 86' lang='grc' dir='ltr'><strong><em>ἀναφανήσομαι,</em></strong></span> 
     </span>
     <span class='ocr_line' id='line_1_30' title="bbox 128 2491 1814 2565; baseline -0.001 -14"><span class='ocrx_word' id='word_1_199' title='bbox 128 2492 267 2563; x_wconf 82' lang='grc' dir='ltr'><strong><em>πρὸς</em></strong></span> <span class='ocrx_word' id='word_1_200' title='bbox 282 2500 448 2550; x_wconf 84' lang='grc' dir='ltr'><strong><em>τοῦτο</em></strong></span> <span class='ocrx_word' id='word_1_201' title='bbox 467 2498 712 2565; x_wconf 83' lang='grc' dir='ltr'><strong><em>βλέπεις,</em></strong></span> <span class='ocrx_word' id='word_1_202' title='bbox 757 2496 849 2550; x_wconf 83' lang='grc' dir='ltr'><strong><em>καὶ</em></strong></span> <span class='ocrx_word' id='word_1_203' title='bbox 870 2492 1037 2551; x_wconf 76' lang='grc' dir='ltr'><strong><em>οὐδὲν</em></strong></span> <span class='ocrx_word' id='word_1_204' title='bbox 1057 2499 1135 2550; x_wconf 81' lang='grc' dir='ltr'><strong><em>ἔτι</em></strong></span> <span class='ocrx_word' id='word_1_205' title='bbox 1156 2499 1376 2562; x_wconf 85' lang='grc' dir='ltr'><strong><em>διοίσει,</em></strong></span> <span class='ocrx_word' id='word_1_206' title='bbox 1416 2491 1489 2559; x_wconf 77' lang='grc' dir='ltr'><strong><em>ὡς</em></strong></span> <span class='ocrx_word' id='word_1_207' title='bbox 1517 2499 1687 2563; x_wconf 78' lang='grc' dir='ltr'><strong><em>ἔοικε,</em></strong></span> <span class='ocrx_word' id='word_1_208' title='bbox 1727 2496 1814 2549; x_wconf 88' lang='grc' dir='ltr'><strong><em>σοὶ</em></strong></span> 
     </span>
     <span class='ocr_line' id='line_1_31' title="bbox 127 2569 1813 2649; baseline 0.001 -18"><span class='ocrx_word' id='word_1_209' title='bbox 127 2574 246 2646; x_wconf 82' lang='grc' dir='ltr'><strong><em>μετ’</em></strong></span> <span class='ocrx_word' id='word_1_210' title='bbox 285 2579 422 2647; x_wconf 78' lang='grc' dir='ltr'><strong><em>ἐμοῦ</em></strong></span> <span class='ocrx_word' id='word_1_211' title='bbox 451 2576 625 2647; x_wconf 78' lang='grc' dir='ltr'><strong><em>μηδὲν</em></strong></span> <span class='ocrx_word' id='word_1_212' title='bbox 655 2578 859 2632; x_wconf 83' lang='grc' dir='ltr'><strong><em>εἰδέναι</em></strong></span> <span class='ocrx_word' id='word_1_213' title='bbox 900 2569 982 2632; x_wconf 73' lang='grc' dir='ltr'><strong><em>(ὅν</em></strong></span> <span class='ocrx_word' id='word_1_214' title='bbox 1023 2578 1290 2649; x_wconf 85' lang='grc' dir='ltr'><strong><em>προσήκει</em></strong></span> <span class='ocrx_word' id='word_1_215' title='bbox 1328 2577 1632 2648; x_wconf 76' lang='grc' dir='ltr'><strong><em>ἐπιστήμην</em></strong></span> <span class='ocrx_word' id='word_1_216' title='bbox 1670 2582 1813 2649; x_wconf 81' lang='grc' dir='ltr'><strong><em>ἔχειν</em></strong></span> 
     </span>
     <span class='ocr_line' id='line_1_32' title="bbox 127 2653 1874 2732; baseline -0.001 -20"><span class='ocrx_word' id='word_1_217' title='bbox 127 2655 290 2728; x_wconf 81' lang='grc' dir='ltr'><strong><em>ἀνδρὶ</em></strong></span> <span class='ocrx_word' id='word_1_218' title='bbox 309 2661 543 2732; x_wconf 77' lang='grc' dir='ltr'><strong><em>οἰομένῳ</em></strong></span> <span class='ocrx_word' id='word_1_219' title='bbox 565 2661 615 2714; x_wconf 83' lang='grc' dir='ltr'><strong><em>τὶ</em></strong></span> <span class='ocrx_word' id='word_1_220' title='bbox 645 2657 803 2715; x_wconf 84' lang='grc' dir='ltr'><strong><em>εἶναι.</em></strong></span> <span class='ocrx_word' id='word_1_221' title='bbox 841 2657 912 2715; x_wconf 79' lang='grc' dir='ltr'>σύ</span> <span class='ocrx_word' id='word_1_222' title='bbox 933 2659 1034 2730; x_wconf 77' lang='grc' dir='ltr'><strong><em>μὲν</em></strong></span> <span class='ocrx_word' id='word_1_223' title='bbox 1054 2653 1162 2716; x_wconf 80' lang='grc' dir='ltr'><strong><em>οὖν</em></strong></span> <span class='ocrx_word' id='word_1_224' title='bbox 1178 2683 1271 2732; x_wconf 88' lang='grc' dir='ltr'><strong><em>μοι</em></strong></span> <span class='ocrx_word' id='word_1_225' title='bbox 1291 2663 1471 2725; x_wconf 82' lang='grc' dir='ltr'><strong><em>δοκεῖς</em></strong></span> <span class='ocrx_word' id='word_1_226' title='bbox 1492 2658 1564 2725; x_wconf 79' lang='grc' dir='ltr'><strong><em>ὡς</em></strong></span> <span class='ocrx_word' id='word_1_227' title='bbox 1583 2657 1812 2731; x_wconf 74' lang='grc' dir='ltr'><strong><em>ἀληθῶς</em></strong></span> <span class='ocrx_word' id='word_1_228' title='bbox 1843 2670 1874 2711; x_wconf 82' lang='grc' dir='ltr'><strong>Β</strong></span> 
     </span>
     <span class='ocr_line' id='line_1_33' title="bbox 127 2737 1810 2813; baseline 0.002 -21"><span class='ocrx_word' id='word_1_229' title='bbox 127 2737 487 2807; x_wconf 74' lang='grc' dir='ltr'><strong><em>ἀνθρώπειον</em></strong></span> <span class='ocrx_word' id='word_1_230' title='bbox 508 2746 734 2811; x_wconf 82' lang='grc' dir='ltr'><strong><em>πρᾶγμα</em></strong></span> <span class='ocrx_word' id='word_1_231' title='bbox 753 2742 1107 2813; x_wconf 78' lang='grc' dir='ltr'><strong><em>ἐργάζεσθαι,</em></strong></span> <span class='ocrx_word' id='word_1_232' title='bbox 1128 2741 1298 2799; x_wconf 75' lang='grc' dir='ltr'><strong><em>οὐδὲν</em></strong></span> <span class='ocrx_word' id='word_1_233' title='bbox 1318 2740 1456 2812; x_wconf 82' lang='grc' dir='ltr'><strong><em>πρὸς</em></strong></span> <span class='ocrx_word' id='word_1_234' title='bbox 1487 2738 1662 2796; x_wconf 83' lang='grc' dir='ltr'><strong><em>αὑτὸν</em></strong></span> <span class='ocrx_word' id='word_1_235' title='bbox 1681 2742 1810 2812; x_wconf 82' lang='grc' dir='ltr'><strong><em>βλέ-</em></strong></span> 
     </span>
     <span class='ocr_line' id='line_1_34' title="bbox 129 2815 1811 2894; baseline 0.001 -19"><span class='ocrx_word' id='word_1_236' title='bbox 129 2841 254 2875; x_wconf 85' lang='grc' dir='ltr'><strong><em>πειν</em></strong></span> <span class='ocrx_word' id='word_1_237' title='bbox 284 2819 424 2878; x_wconf 80' lang='grc' dir='ltr'><strong><em>ἀλλὰ</em></strong></span> <span class='ocrx_word' id='word_1_238' title='bbox 454 2820 594 2891; x_wconf 81' lang='grc' dir='ltr'><strong><em>πρὸς</em></strong></span> <span class='ocrx_word' id='word_1_239' title='bbox 624 2821 758 2887; x_wconf 83' lang='grc' dir='ltr'><strong><em>τούς</em></strong></span> <span class='ocrx_word' id='word_1_240' title='bbox 786 2822 1018 2888; x_wconf 79' lang='grc' dir='ltr'><strong><em>ἄλλους·</em></strong></span> <span class='ocrx_word' id='word_1_241' title='bbox 1056 2823 1163 2894; x_wconf 74' lang='grc' dir='ltr'><strong><em>ἐγώ</em></strong></span> <span class='ocrx_word' id='word_1_242' title='bbox 1195 2822 1248 2878; x_wconf 88' lang='grc' dir='ltr'><strong><em>δ’</em></strong></span> <span class='ocrx_word' id='word_1_243' title='bbox 1281 2822 1429 2894; x_wconf 84' lang='grc' dir='ltr'><strong><em>οἶμαι</em></strong></span> <span class='ocrx_word' id='word_1_244' title='bbox 1450 2825 1568 2893; x_wconf 78' lang='grc' dir='ltr'><strong><em>ἐμοὶ</em></strong></span> <span class='ocrx_word' id='word_1_245' title='bbox 1587 2824 1711 2893; x_wconf 85' lang='grc' dir='ltr'><strong><em>περὶ</em></strong></span> <span class='ocrx_word' id='word_1_246' title='bbox 1731 2815 1811 2877; x_wconf 77' lang='grc' dir='ltr'><strong><em>ὦν</em></strong></span> 
     </span>
    </p>
   </div>
  </div>
 </body>
</html>
