1962 3112
22 23 183 124 ’ἰοῖ
255 35 260 39 ’
448 20 1109 118 “””ὶ”ιόΡιἿΑΣ
1162 32 1198 42 ”
1295 29 1306 33 ”
1414 54 1418 55 ἢ
1627 37 1751 116 ’305

219 207 343 282 ΣΩ.
404 198 632 258 Οὐκοῦν
670 197 892 264 ἀκούεις
920 202 1147 254 τοιαῦτα
1183 197 1461 268 λεγόντων
1492 205 1607 255 τῶν
1642 221 1756 270 φα-

11 312 16 313 ’
79 279 332 341 σκόντων
351 281 636 338 παιδεύειν
655 277 996 349 ἀνθρώπους
1015 283 1092 345 εἰς
1110 277 1339 351 ἀρετήν·
1325 322 1341 348 ,

221 370 391 421 ΚΑΛ.
424 362 662 434 Ἔγωγε·
700 359 840 417 ἀλλὰ
872 365 930 416 τί
953 383 1024 416 αν
1061 361 1239 431 λέγοις
1276 359 1600 432 ἀνθρώπων
1631 365 1758 433 πέρι
1786 370 1873 416 520

26 433 44 451 ⁸
79 447 309 515 οὖδενός
329 449 525 515 α’ξίων;

219 536 343 587 ΣΩ.
416 534 486 584 Τί
515 528 568 584 δ’
606 527 679 584 ἂν
715 529 839 597 περὶ
871 531 1099 583 ἐκείνων
1126 531 1333 597 λέγοις,
1364 533 1420 584 οἳ
1447 529 1758 599 φάσκοντες

81 611 419 683 προεστάναι
446 615 543 680 τῆς
570 609 782 673 πόλεως
809 609 900 663 καὶ
928 610 1332 679 ἐπιμελεῖσθαι,
1370 606 1519 674 ὅπως
1539 606 1611 674 ὡς
1627 615 1759 682 βελ-

79 698 231 764 τίστη
240 698 416 762 ἔσται,
437 691 606 747 πάλιν
624 688 794 762 αὐτῆς
813 697 1234 761 κατηγοροῦσιν,
1253 690 1387 745 ὅταν
1404 689 1662 762 τύχωσιν,
1686 688 1760 756 ὥς

79 774 486 846 πονηροτάτης;
507 781 610 829 οἰει
628 794 679 828 τι
697 776 983 843 διαφέρειν
999 773 1232 838 τούτους
1249 775 1504 842 ἐκείνων;
1535 771 1758 842 ταύτόν,

82 850 128 912 ὦ
145 854 396 928 μακάρι’,
417 858 530 912 ἐστὶ
550 853 814 926 σοφιστὴς
833 854 925 909 καὶ
944 852 1143 925 ῥήτωρ,
1164 849 1201 925 ἦ
1218 853 1383 924 ἐγγύς
1400 877 1451 910 τι
1469 857 1559 911 καὶ
1579 875 1760 926 παρα·

80 938 344 1009 πλήσιον,
401 936 587 1005 ὥσπερ
630 936 736 1006 έγώ
775 939 965 1005 ἔλεγον
1012 933 1151 1002 πρὸς
1188 941 1416 992 Πῶλον·
1476 935 1548 992 σὺ
1583 936 1642 992 δὲ
1681 934 1756 992 δι’

80 1017 313 1087 ἄγνοιαν
346 1015 407 1073 τὸ
442 1017 543 1088 μὲν
571 1017 862 1087 πάγκαλόν
890 1038 942 1071 τι
970 1023 1073 1071 οἴει
1103 1013 1271 1086 εἶναι,
1310 1014 1413 1087 τὴν
1443 1017 1758 1089 ῥητορικήν,
1791 1027 1824 1068 Β

80 1105 182 1155 τοῦ
200 1098 260 1155 δὲ
272 1109 652 1170 καταφρονεῖς.
673 1106 742 1171 τῇ
757 1101 815 1154 δὲ
830 1096 1067 1171 ἀληθείᾳ
1087 1098 1319 1155 κάλλιόν
1333 1102 1448 1155 ἐστι
1466 1099 1758 1172 σοφιστικὴ

81 1182 372 1252 ῥητορικῆς
385 1179 604 1254 ὅσῳπερ
616 1180 953 1251 νομοθετικὴ
975 1183 1289 1251 δικαστικῆς
1306 1181 1398 1237 καὶ
1415 1182 1759 1254 γυμναστικὴ

83 1266 355 1332 ἰατρικῆς·
394 1262 587 1332 μόνοις
616 1259 669 1316 δ’
701 1265 872 1332 ἔγωγε
901 1263 992 1317 καὶ
1022 1260 1180 1335 φ’μην
1210 1274 1322 1328 τοῖς
1352 1263 1685 1335 δημηγόροις
1703 1284 1761 1319 τε

81 1345 174 1398 καὶ
202 1354 488 1448 σοφισταῖς
517 1341 621 1398 οὐκ
642 1346 901 1414 ἐγχωρεῖν
929 1345 1248 1413 μέμφεσθαι
1276 1345 1454 1418 τούτω
1483 1366 1558 1417 τω
1580 1344 1762 1416 πράγ-

83 1447 237 1496 ματι,
258 1422 290 1481 ὃ
311 1422 468 1480 αὐτοὶ
491 1424 884 1492 παιδεύουσιν,
908 1446 980 1488 ως
997 1423 1249 1494 πονηρόν
1268 1426 1418 1481 ἐστιν
1437 1432 1514 1490 εἰς
1532 1432 1704 1497 σφᾶς,
1723 1448 1758 1496 η

81 1511 158 1579 τῷ
181 1503 332 1576 αὐτῷ
353 1505 501 1579 λόγω
520 1505 699 1577 τούτῳ
718 1526 831 1575 αμα
849 1506 940 1560 καὶ
953 1506 1169 1560 ἑαυτων
1186 1519 1532 1577 κατηγορεῖν,
1557 1505 1642 1562 ὅτι
1661 1504 1762 1562 οὐ-

0 1583 4 1634 ἶ
84 1588 182 1645 obv
201 1584 556 1658 ωφελήκασιν
575 1585 675 1652 οὕς
694 1602 866 1656 φασιν
885 1583 1135 1656 ωφελεῖν.
1156 1585 1259 1657 οὐχ
1276 1608 1455 1653 ουτως
1475 1593 1610 1659 ἔχεις

223 1674 393 1724 ΚΑΛ.
448 1668 614 1723 Πάνυ
632 1689 709 1738 γε.
1795 1686 1827 1730 c

228 1754 351 1805 ΣΩ.
411 1750 515 1804 Καὶ
544 1749 819 1816 προέσθαι
849 1770 911 1819 γε
941 1748 1124 1820 δήπου
1151 1747 1255 1820 τὴν
1282 1747 1606 1820 εὐεργεσίαν
1625 1749 1764 1806 ἄνευ

87 1834 315 1902 μισθοῦ,
338 1827 412 1894 ὥς
429 1826 491 1884 τὸ
514 1829 686 1899 εἰκός,
710 1829 903 1900 μόνοις
922 1830 1138 1896 τούτοις
1157 1830 1429 1901 ἐνεχώρει,
1454 1837 1606 1900 εἴπερ
1625 1829 1765 1902 α’λη-

86 1917 168 1983 θῆ
198 1915 402 1982 ἔλεγον.
445 1908 621 1981 ἄλλην
647 1911 748 1981 μὲν
778 1909 884 1981 γάρ
915 1909 1239 1982 εὐεργεσίαν
1265 1934 1345 1977 τις
1363 1909 1762 1984 εύεργετηθείς,

87 1989 208 2049 οἷον
225 1991 391 2063 ταχὺς
410 1992 707 2063 γενόμενος
726 1992 816 2048 διὰ
837 1997 1225 2065 παιδοτρίβην,
1265 2001 1396 2057 ἴσως
1427 1988 1500 2048 ἂν
1528 1991 1764 2049 ἀποστε-

87 2073 269 2144 ρήσειε
289 2074 394 2144 τὴν
410 2074 600 2144 χάριν,
630 2079 682 2130 εἰ
708 2086 934 2144 προοῖτο
964 2071 1117 2148 αὐτῷ
1148 2073 1176 2130 ὁ
1210 2078 1564 2146 παιδοτρίβης
1582 2072 1764 2145 καὶμὴ

88 2158 432 2227 συνθέμενος
460 2153 612 2228 αὐτῷ
640 2155 851 2225 μισθὸν
880 2154 914 2212 ὅ
941 2179 993 2212 τι
1021 2156 1257 2227 μάλιστα
1287 2154 1402 2227 ἅμα
1439 2155 1766 2227 μεταδιδοὺς

0 2247 7 2294 ³1
85 2244 190 2291 τοῦ
209 2237 408 2308 τάχους
429 2237 703 2308 λαμβάνοι
724 2236 784 2292 τὸ
806 2236 1080 2308 άργύριον
1094 2260 1104 2270 ·
1137 2235 1206 2292 ού
1224 2237 1332 2307 γὰρ
1352 2243 1418 2309 τῇ
1441 2241 1760 2309 βραδυτῆτι,
1790 2248 1827 2289 D

0 2629 8 2637 v
0 2494 9 2553 rv-
0 2362 9 2466 *vv—-

87 2315 263 2389 οἶμαι,
287 2317 579 2373 ἀδικοῦσιν
600 2321 657 2374 οἱ
671 2315 992 2388 ἅνθρωποι,
1014 2316 1136 2373 ἀλλ’
1160 2316 1368 2392 ἀδικία·
1389 2311 1426 2389 ἦ
1444 2317 1577 2389 γάρ;

226 2405 397 2456 ΚΑΛ.
457 2405 583 2455 Ναί.

227 2486 349 2536 ΣΩ.
411 2476 639 2535 Οὐκοῦν
670 2486 724 2534 εἰ
747 2501 827 2544 τις
859 2476 992 2535 αὐτὸ
1022 2485 1187 2535 τοῦτο
1220 2477 1469 2550 ἀφαιρεῖ,
1505 2480 1607 2552 τὴν
1641 2478 1765 2535 ἄδι-

87 2566 239 2631 κίαν,
281 2558 448 2617 οὐδὲν
482 2557 670 2616 δεινόν
701 2559 850 2635 αὐτῷ
879 2561 1089 2632 μήποτε
1125 2558 1394 2634 ἀδικηθῇ,
1433 2559 1572 2618 ἀλλὰ
1609 2562 1762 2636 μόνῳ

0 2679 4 2701 ·.
89 2640 330 2711 ἀσφαλὲς
347 2642 554 2712 ταύτην
572 2641 676 2713 τήν
694 2638 1014 2712 εὐεργεσίαν
1032 2645 1305 2711 προέσθαι
1319 2685 1333 2714 ,
1379 2650 1529 2715 εἴπερ
1548 2649 1627 2719 τῷ
1648 2641 1767 2701 ὄντι

0 2727 6 2773 ἱ
90 2722 322 2778 δύναιτό
340 2744 421 2789 τις
438 2721 691 2794 άγαθούς
712 2735 905 2780 ποιεῖν.
927 2721 1028 2796 οὐχ
1051 2721 1254 2791 οὕτως;

230 2802 381 2847 Puro
420 2801 500 2847 111.
1429 2808 1488 2849 20
