1962 3112
184 132 286 185 176
800 133 1273 182 ΠΛΑΤΩΝΟΣ
1793 150 1852 194 38

185 276 384 323 νεσθαι
399 267 461 324 τὸ
471 290 501 323 ν
510 267 1050 339 προσδιαλεγόμενον
1062 267 1256 332 παιδὸς
1266 269 1438 339 μηδὲν
1447 274 1658 340 βελτίω.
1688 276 1850 325 τοῦτο

185 343 290 406 οὖν
329 347 463 404 αύτό
503 351 594 405 καὶ
633 356 743 404 τῶν
770 356 879 404 νῦν
906 350 1042 404 εἰσὶν
1077 354 1132 404 οἳ
1164 351 1603 421 κατανενοήκασι
1634 351 1852 407 καὶτῶν

185 433 380 503 πάλαι,
420 431 504 487 ὅτι
534 430 594 487 τὸ
627 436 946 498 λακωνίζειν
976 430 1120 486 πολὺ
1149 431 1361 502 μᾶλλόν
1391 434 1503 488 ἐστι
1523 441 1850 504 φιλοσοφεῖν

183 510 733 585 ἢφιλογυμναστεῑν,
768 512 970 577 εἰδότες
1001 511 1084 568 ὅτι
1113 521 1340 569 τοιαῦτα
1371 512 1492 571 οἷόν
1520 514 1561 571 τ’
1582 516 1721 572 εἶναι
1749 516 1851 587 ῥή-

185 617 327 666 ματα
358 598 710 666 φθέγγεσθαι
743 597 938 659 τελέως
974 600 1413 667 πεπαιδευμένου
1442 601 1588 654 ἐστὶν
1621 597 1851 667 άνθροό-

69 684 155 730 343
183 697 307 733 που.
367 678 583 732 τούτων
610 672 684 749 ἦν
714 679 804 733 καὶ
831 684 1013 748 Θαλῆς
1043 676 1071 734 6
1091 680 1368 750 Μιλήσιος
1398 682 1489 736 καὶ
1517 679 1791 745 Πιττακὸς
1820 678 1848 735 6

182 767 562 831 ΖὶῙυτιληναῖος
587 761 677 816 καὶ
697 765 829 825 Βίας
851 758 879 815 6
901 759 1179 831 Πριηνεὺς
1209 763 1298 816 καὶ
1316 761 1518 816 Σόλων
1537 760 1566 818 ὁ
1590 760 1853 833 ἡμέτερος

181 845 272 898 καὶ
285 843 633 915 Κλεόβουλος
653 840 916 907 ὁΛίνδιος
935 844 1024 897 καὶ
1044 843 1265 899 Μύσων
1285 843 1313 897 ὁ
1327 842 1559 915 Χηνεύς,
1580 845 1669 899 καὶ
1689 845 1849 915 ἕβδο-

181 946 280 995 μος
300 927 360 980 ἐν
373 925 588 988 τούτοις
610 926 819 993 ἐλέγετο
834 926 1269 997 Λακεδαιμόνιος
1292 931 1492 981 Χίλων.
1534 919 1688 981 οὗτοι
1707 926 1848 981 πάν-

181 1030 267 1072 τες
290 1010 516 1079 ζηλωταὶ
536 1009 627 1062 καὶ
657 1009 873 1078 ἐρασταὶ
898 1010 987 1063 καὶ
1017 1011 1258 1080 μαθηταὶ
1286 1002 1430 1079 ἦσαν
1459 1014 1555 1078 τῆς
1574 1011 1849 1063 Λακεδαι-

179 1094 390 1160 μονίων
408 1092 653 1153 παιδείας
666 1111 676 1121 ·
697 1090 786 1144 καὶ
805 1090 1117 1161 καταμάθοι
1135 1091 1205 1146 όῖν
1221 1113 1300 1155 τις
1319 1088 1506 1146 αὐτῶν
1523 1089 1624 1162 τὴν
1644 1096 1848 1161 σοφίαν

178 1171 438 1242 τοιαύτην
459 1165 634 1227 οὖσαν
648 1214 660 1237 ,
689 1172 902 1243 ῥήματα
921 1176 1125 1244 βραχέα
1146 1170 1619 1243 ἀξιομνημόνευτα
1639 1172 1846 1244 ἑκάστῳ

122 1266 153 1305 Β
186 1257 469 1326 εἰρημένα,
499 1251 605 1309 *ἃ*
624 1248 780 1311 οὗτοι
807 1256 897 1310 καὶ
916 1263 1074 1329 κοινῇ
1095 1255 1456 1322 ξυνελθόντες
1485 1253 1736 1326 ἀπαρχὴν
1755 1261 1850 1326 τῆς

182 1343 382 1408 σοφίας
401 1334 679 1391 ἀνέθεσαν
696 1342 770 1409 τῷ
799 1335 1100 1393 Ἀπόλλωνι
1122 1343 1197 1403 εἰς
1221 1337 1322 1393 τὸν
1340 1336 1485 1393 νεών
1503 1335 1604 1392 τόν
1622 1340 1683 1392 ἐν
1702 1343 1847 1392 Δελ-

182 1432 331 1491 φοις,
370 1419 680 1489 γράψαντες
715 1426 912 1490 ταῦτα,
953 1417 986 1474 ἃ
1026 1419 1090 1491 δη
1125 1421 1325 1485 πάντες
1363 1417 1627 1491 ὑμνοῦσι,
1665 1426 1843 1490 γνῶθι

182 1502 390 1557 σαυτόν
420 1503 509 1558 καὶ
542 1501 760 1573 μηδὲν’
738 1501 895 1572 άγαν.
948 1509 1050 1558 τοῦ
1081 1501 1198 1573 δὴ
1176 1503 1339 1557 ε’νεκα
1368 1508 1540 1556 ταῦτα
1561 1503 1728 1571 λέγω;
1763 1501 1845 1557 ὅτι

127 1580 131 1585 ’
181 1577 342 1647 οὗτος
363 1581 390 1638 ὁ
415 1583 615 1653 τρόπος
634 1587 704 1654 ήν
723 1590 835 1639 τῶν
847 1590 1108 1640 παλαιων
1137 1590 1231 1655 τῆς
1251 1588 1607 1654 φιλοσοφίας,
1637 1588 1846 1654 βραχυ-

178 1669 336 1736 λογία
354 1686 434 1729 τις
453 1665 773 1736 Λακωνική
825 1667 915 1721 καὶ
947 1664 1011 1736 δὴ
1046 1667 1136 1721 καὶ
1163 1672 1265 1721 τοῦ
1295 1670 1574 1721 Πιττακοῦ
1609 1668 1719 1738 ἰδία
1748 1686 1844 1719 πε-

179 1749 459 1817 ριεφέρετο
490 1754 653 1801 τοῦτο
684 1744 744 1802 τὸ
779 1751 923 1818 ρ”ῆμα
955 1749 1430 1819 ἐγκωμιαζόμενον
1459 1746 1568 1803 ὑπὸ
1607 1770 1720 1803 των
1749 1764 1842 1802 ‹50-⁴

120 1840 150 1882 C
182 1851 333 1899 φων,
355 1828 414 1883 τὸ
434 1828 672 1899 χαλεπὸν
692 1828 939 1884 ἐσθλὸν
919 1834 1160 1901 ε’μμεναι.
1210 1829 1237 1885 ὁ
1260 1834 1365 1885 οὐν
1383 1828 1774 1900 Σιμωνίδης,
1749 1828 1842 1884 άτε

180 1912 466 2014 φιλότιμος
503 1907 581 1965 ω“ν
614 1913 700 1967 ἐπὶ
739 1918 923 1984 σοφία,
946 1916 1086 1982 ἔγνω
1124 1911 1234 1984 ὅτι,
1275 1917 1324 1968 εἰ
1356 1915 1582 1967 καθέλοι
1600 1918 1763 1967 τοῦτο
1782 1911 1840 1966 τό

179 1996 324 2066 ρῆμα
347 1992 529 2062 ω’σπερ
553 1992 952 2066 εὐδοκιμοῦντα
976 1993 1229 2066 ἀθλητήν
1259 1995 1350 2049 καὶ
1380 1996 1718 2065 περιγένοιτο
1740 1991 1835 2048 ccv}-

177 2084 294 2148 τοῦ,
309 2075 474 2143 αὐτὸς
495 2074 890 2149 εὐδοκιμήσει’
864 2099 923 2133 εν
941 2090 1052 2142 τοῖς
1070 2077 1134 2132 τό
1139 2098 1192 2132 τε
1225 2074 1558 2146 ἀνθρώποις.
1611 2081 1686 2141 εἰς
1715 2083 1834 2131 τοῦ·

176 2182 236 2214 το
274 2161 378 2214 οὐν
411 2158 470 2213 τὸ
503 2161 646 2230 ῥῆμα
681 2161 771 2215 καὶ
811 2182 1012 2216 τουτου
1049 2161 1212 2216 ἕνεκα
1250 2160 1426 2235 τούτω
1469 2160 1846 2231 ἐπιβουλεύων

175 2249 438 2297 κολοῦσαι
477 2241 610 2317 αὐτὸ
649 2242 799 2298 ἅπαν
835 2241 894 2297 τὸ
934 2236 1079 2315 ᾆσμα
1110 2247 1435 2314 πεποίηκεν,
1477 2241 1548 2307 ὥς
1585 2263 1676 2312 μοι
1713 2246 1846 2312 φαί-

175 2345 338 2378 νεται.
1922 2373 1923 2379 ,

316 2413 496 2462 ΧΧΙΧ.
565 2405 1018 2478 Ἐπισκεψεόμεθα
1050 2404 1122 2476 δὴ
1147 2405 1281 2461 αὐτὸ
1315 2413 1475 2478 κοινῇ
1495 2405 1756 2475 ἅπαντες,
1797 2412 1846 2461 εἰ
1917 2411 1921 2482 f
1951 2400 1962 2455 ἕ.

176 2487 282 2556 ἄρα
304 2489 410 2557 ἐγώ
430 2487 612 2560 ἀληθῆ
632 2494 786 2559 λέγω.
840 2488 1014 2553 εὐθὺς
1034 2487 1139 2559 γὰρ
1160 2486 1221 2543 τὸ
1242 2495 1464 2558 πρῶτον
1482 2495 1584 2543 τοῦ
1603 2486 1844 2561 ᾄσματος

113 2591 143 2630 ι)
174 2572 408 2641 μανικὸν
427 2568 498 2626 ἄν
521 2577 736 2643 φανείη,
766 2576 815 2627 εἰ
825 2572 1167 2644 βουλόμενος
1187 2572 1385 2641 λέγειν,
1405 2569 1488 2625 ὅτι
1508 2569 1683 2639 ἄνδρα
1705 2570 1843 2640 άγα-

173 2651 285 2707 θὸν
302 2656 563 2723 γενέσθαι
581 2653 847 2724 χαλεπόν,
869 2659 1050 2709 ἔπειτα
1069 2656 1290 2725 ἐνέβαλε
1310 2650 1369 2708 τὸ
1391 2654 1503 2724 μέν.
1552 2659 1715 2707 τοῦτο
1732 2653 1839 2723 γὰρ

173 2733 303 2791 οὐδὲ
334 2734 470 2806 πρὸς
501 2736 597 2789 ἕνα
631 2736 800 2806 λόγον
822 2744 1076 2806 φαίνεται
1105 2739 1503 2807 ἐμβεβλῆσθαι,
1542 2732 1640 2789 ε’ἀν
1658 2733 1732 2805 μή
1761 2757 1840 2798 τις

171 2816 425 2890 ὑπολάβῃ
466 2815 602 2889 πρὸς
639 2817 697 2872 τὸ
740 2825 839 2873 τοῦ
878 2824 1157 2874 Πιττακοῦ
1193 2820 1338 2889 ῥῆμα
1376 2816 1559 2888 ὤσπερ
1596 2819 1840 2887 ἐρίζοντα
1901 2841 1903 2845 ·
1959 2838 1962 2846 ⁴
