2020 3094
262 23 267 25 .
317 0 1023 41 atwwwv-WWWV'
1081 0 1148 18 ἑ*

95 22 192 109 ἀἱ
247 57 254 62 ·
690 0 1253 104 ΕνοΤΔΗΜοΣ
1327 14 1330 18 ’
1407 11 1410 14 ’
1607 56 1610 58 ·
1668 20 1811 105 χ129

132 188 391 261 Οὐκοῦν,
426 193 561 260 ἔφη,
600 189 694 245 καὶ
713 187 823 255 ζῶά
844 191 982 243 εἰσιν
1008 179 1166 243 ουτοι
1184 189 1242 243 οἱ
1258 191 1411 254 θεοί;
1451 185 1808 259 ὡμολόγηκας
1838 197 1871 240 E

130 274 260 344 γάρ,
273 271 379 330 ὅσα
397 268 583 342 ψυχὴν
601 274 726 342 ἔχει,
741 273 850 337 ζῶα
870 267 1023 325 εἶναι.
1061 265 1099 340 ἢ
1116 259 1272 325 οὗτοι
1290 271 1348 324 oc
1357 271 1483 325 θεοὶ
1502 266 1606 325 οὐκ
1625 273 1811 340 ἔχουσι

133 354 346 427 ψυχήνς
358 352 635 425 Ἕχουσιν,
656 346 730 425 ἦν
750 350 801 409 δ’
825 352 948 423 ἐγώ.
989 349 1215 409 Οὐκοῦν
1232 353 1326 409 καὶ
1344 353 1452 420 ζῶά
1473 357 1641 420 εἰσιν;
1662 358 1809 422 Ζῶα,

132 442 291 508 ἔφην.
335 443 462 492 Τῶν
482 437 545 493 δέ
560 458 622 506 γε
642 435 823 502 ζεόων,
855 439 961 506 ἔφη
974 476 988 502 ,
1012 431 1371 506 ὡμολόγηκας
1389 431 1535 491 ταῦτ’
1559 433 1700 490 εἶναι
1720 434 1809 505 σά,

44 572 45 579 ,
129 518 236 575 ὅσα
273 519 345 575 ἅν
376 536 465 575 σοι
492 522 584 590 ἐξῇ
613 519 706 573 καὶ
733 520 931 572 δοῦναι
959 517 1052 573 καὶ
1079 513 1402 573 ἀποδόσθαι
1430 517 1522 573 καὶ
1540 522 1717 573 θῦσαι
1735 511 1809 571 ἄν

128 609 251 675 θεῷ
268 598 376 675 ὅτῳ
397 597 468 656 ἂν
486 599 679 672 βούλῃ.
721 596 1100 670 Ὡμολόγηκα,
1131 604 1294 671 ἔφην·
1332 598 1437 656 οὐκ
1456 604 1571 657 ἔστι
1588 598 1695 670 γάρ
1714 620 1809 672 μοι

129 681 424 749 ἀνάδυσις,
448 675 495 737 ὦ
511 680 837 753 Εὐθύδημε.
860 679 979 737 Ἴθι
997 680 1066 751 δή
1084 702 1178 752 μοι
1197 679 1401 751 εὐθύς,
1421 675 1459 753 ἦ
1486 679 1539 737 δ’
1563 681 1644 754 ὅς,
1666 685 1808 738 εἰπέ·

40 796 41 811 2
128 763 315 835 ἐπειδὴ
349 763 454 819 σὸν
482 761 769 834 ὁμολογεῖς
790 761 931 818 εἶναι
957 760 1058 818 τὸν
1076 769 1187 819 Δία
1209 764 1300 819 καὶ
1328 761 1459 828 τοὺς
1489 762 1693 830 ἄλλους
1708 772 1813 822 θε-

131 844 259 912 ούς,
298 838 409 914 ἆρα
437 848 614 910 ἔξεστί
637 860 726 900 σοι
755 842 961 909 αὐτοὺς
991 841 1309 900 ἀποδόσθαι
1337 839 1375 915 ἢ
1403 847 1603 900 δοῦναι
1632 841 1670 916 ἦ
1689 843 1804 902 ἄλλ’
1839 853 1929 900 303

37 920 41 980 ἶ
130 924 167 981 ὅ
182 949 235 982 τι
253 923 325 982 ἂν
341 927 518 998 βούλῃ
540 932 783 997 χρῆσθαι
814 924 998 998 ὥσπερ
1019 937 1130 990 τοῖς
1149 924 1338 991 ἄλλοις
1354 925 1539 995 ζώοιςς
1579 925 1686 997 ἐγω
1706 927 1810 998 μὲν

131 1003 267 1081 οὖν,
304 1004 351 1065 ὦ
372 1016 617 1081 Κρίτων,
650 1008 833 1080 ὥσπερ
853 1012 1075 1082 πληγεὶς
1093 1007 1202 1066 ὑπὸ
1222 1017 1325 1066 τοῦ
1344 1011 1546 1083 λόγου,
1585 1014 1810 1085 ἐκείμην

132 1090 384 1162 ἄφωνος·
423 1090 452 1149 6
473 1093 532 1149 δὲ
549 1092 876 1164 Κτήσιππός
893 1116 986 1164 μοι
1005 1091 1110 1150 ίων
1131 1091 1204 1159 ὦς
1221 1094 1546 1166 βοηθήσων,
1567 1093 1811 1161 Πυππὰξ

132 1167 180 1228 ὦ
205 1171 523 1244 Ἡράκλεις,
563 1179 694 1246 ἔφη,
733 1181 908 1232 καλοῦ
944 1174 1131 1246 λόγου.
1186 1176 1278 1231 καὶ
1307 1173 1336 1232 ὁ
1357 1175 1807 1247 Διονυσόδωρος,

134 1256 387 1326 Πότερον
406 1251 539 1328 οὖν,
559 1261 692 1328 ἔφη,
726 1256 755 1313 6
772 1255 1044 1330 Ἡρακλῆς
1063 1257 1289 1324 πυππάξ
1310 1253 1513 1314 ἐστιν”
1476 1281 1510 1329 η
1531 1255 1561 1314 6
1583 1254 1811 1324 πυππὰξ

32 1380 33 1385 ,
136 1342 424 1409 [hauhis-3
461 1337 973 1411 καὶὸΚτήσιππος,
1005 1333 1391 1408 ὮΠόσειδον,
1432 1345 1567 1412 ἔφη,
1611 1343 1812 1426 δεινων

131 1419 338 1490 λόγων·
379 1418 707 1491 ἀφίσταμαι·
746 1418 939 1492 άμάχω
958 1418 1034 1476 τω
1056 1418 1240 1491 ἄνδρε.

269 1507 453 1558 XXIX.
521 1500 798 1558 Ἐνταῦθα
835 1506 1046 1574 μέντοι,
1091 1526 1132 1558 ω
1176 1507 1304 1573 φίλε
1340 1509 1590 1573 Κρίτων,
1628 1501 1812 1567 οὐδεὶς
1838 1511 1870 1552 B

131 1582 288 1649 οστις
323 1581 392 1639 οὐ
419 1607 534 1640 των
565 1586 861 1655 παρόντων
888 1583 1269 1658 ὑπερεπῄνεσε
1301 1584 1403 1641 τὸν
1431 1584 1603 1657 λόγον
1622 1587 1714 1642 καὶ
1732 1607 1809 1641 τω

132 1664 328 1737 ανδρε,
369 1667 460 1722 καὶ
488 1673 727 1737 γελωντε
758 1669 850 1723 καὶ
876 1675 1177 1737 κροτοῦντε
1208 1668 1298 1722 καὶ
1336 1672 1589 1738 χαίροντε
1617 1664 1811 1739 ὀλίγον

131 1747 541 1819 παρετάθησαν.
600 1750 687 1805 ἐπὶ
715 1749 818 1821 μὲν
845 1749 953 1820 γὰρ
985 1761 1100 1814 τοῖς
1119 1754 1441 1819 ἔμπροσθεν
1460 1747 1540 1819 ἐφ’
1564 1749 1811 1813 ἑκάστοις

131 1837 266 1885 πᾶσι
282 1831 574 1901 παγκάλως
590 1830 912 1904 ἐθορύβουν
932 1832 1097 1903 μόνοι
1120 1835 1175 1887 οὗ
1191 1837 1293 1887 τοῦ
1309 1829 1663 1903 Εὐθυδήμου
1681 1834 1811 1903 ἐρα-

130 1918 280 1982 σταί,
323 1915 572 1969 ἐνταῦθα
604 1914 664 1970 δὲ
695 1911 888 1985 ὀλίγου
917 1915 1008 1970 καὶ
1039 1916 1095 1970 oc
1121 1921 1301 1979 κίονες
1333 1917 1391 1969 οῖ
1404 1916 1464 1969 ἐν
1493 1921 1570 1987 τῷ
1588 1919 1807 1987 Λυκείῳ

135 1994 491 2067 ἐθορύβησάν
523 1992 565 2051 τ’
586 1997 673 2052 ἐπὶ
701 2007 822 2052 τοῖν
853 1993 1083 2064 ἀνδροῖν
1114 1998 1205 2051 καὶ
1240 1994 1517 2067 ἥσθησαν.
1571 1993 1678 2066 ἐγώ
1710 1997 1813 2066 μὲν

134 2070 241 2132 οὖν
267 2079 359 2133 καὶ
390 2075 556 2142 αὐτὸς
586 2076 733 2134 οὕτω
761 2081 1043 2149 διετέθην,
1084 2076 1223 2132 ὥστε
1254 2075 1544 2148 ὁμολογεῖν
1573 2079 1813 2148 μηδένας

130 2158 348 2215 πώποτε
380 2158 718 2230 ἀνθρώπους
749 2164 886 2216 ἰδεῖν
914 2159 1061 2216 οὕτω
1094 2160 1334 2231 σοφούς,
1372 2160 1463 2215 καὶ
1493 2158 1809 2215 παντάπασι
1839 2172 1869 2216 G

135 2242 581 2306 καταδουλωθεὶς
602 2238 709 2296 ὑπὸ
731 2248 826 2313 τῆς
845 2246 1046 2312 σοφίας
1074 2239 1270 2297 αὐτοῖν
1288 2242 1376 2297 ἐπὶ
1395 2240 1456 2297 τὸ
1485 2243 1730 2298 ἐπαινεῖν
1752 2262 1811 2298 τε

132 2325 223 2378 καὶ
242 2323 596 2393 ἐγκωμιάζειν
613 2321 764 2379 αὐτώ
786 2324 1118 2394 ἐτραπόμην,
1140 2324 1230 2380 καὶ
1250 2322 1430 2379 εἷπον·
1463 2316 1527 2379 Ὦ
1548 2323 1811 2394 μακάριοι

132 2402 257 2475 σφω
278 2409 374 2475 τῆς
393 2410 722 2476 θαυμαστῆς
751 2404 1002 2475 φύσεως,
1041 2410 1096 2460 οἳ
1113 2411 1382 2460 τοσοῦτον
1412 2410 1636 2476 πρᾶγμα
1659 2403 1806 2461 οὕτω

132 2486 267 2558 ταχύ
286 2489 376 2544 καὶ
392 2490 453 2543 ἐν
472 2485 639 2560 ὀλίγῳ
661 2488 841 2560 χρόνῳ
864 2490 1236 2557 ἐξείργασθον.
1277 2487 1453 2543 πολλοὶ
1471 2487 1574 2557 μὲν
1592 2479 1697 2542 οὖν
1716 2490 1808 2543 καὶ

128 2567 269 2623 ἄλλα
298 2573 355 2625 οἱ
381 2570 536 2640 λόγοι
568 2568 726 2639 ὑμῶν
755 2569 897 2626 καλά
929 2574 1175 2641 ἔχουσιν,
1216 2564 1262 2626 ὦ
1289 2569 1601 2642 Εὐθύδημέ
1628 2592 1686 2626 τε
1715 2571 1809 2626 καὶ

133 2651 550 2722 Διονυσόδωρε·
591 2653 651 2707 ἐν
683 2652 738 2707 δὲ
770 2662 883 2715 τοῖς
911 2653 1183 2707 καὶτοῦτο
1204 2655 1805 2725 μεγαλοπρεπέστερον,

128 2730 208 2786 ἔτι
242 2737 354 2787 τῶν
382 2740 608 2790 πολλῶν
636 2729 960 2803 ἀνθρώπων
996 2737 1086 2790 καὶ
1115 2740 1230 2790 τῶν
1251 2737 1472 2806 σεμνῶν
1499 2734 1565 2807 δὴ
1599 2738 1690 2791 καὶ
1711 2739 1810 2792 δο-

267 2821 418 2868 Puro
447 2823 522 2871 m.
1525 2828 1553 2873 9
