1962 3112
251 149 359 203 mm
855 154 1332 204 ΠΛΑΤΩΝΟΣ
1409 119 1414 122 V
1895 163 1926 208 4

397 291 525 342 ΣΩ.
576 290 687 342 Καὶ
715 285 862 356 μάλα
889 306 967 355 γε.
1025 283 1143 342 ἀλλ’μ
1160 285 1342 353 οὐδεὶς
1368 287 1555 360 ἥρω’τα
1586 294 1717 346 ποία
1742 313 1822 356 τις
1841 298 1924 362 εἴη

254 365 288 437 ἡ
308 372 550 437 Γοργίου
585 370 744 438 τέχνη
760 409 774 435 ,
812 365 952 422 ἄλλα
989 373 1068 432 τίς
1103 371 1195 424 καὶ
1232 368 1425 426 ὅντινα
1463 373 1576 427 δέοι
1604 381 1794 428 καλεῖν
1821 370 1923 428 τὸν

253 453 495 517 Γοργίαν
508 470 519 480 ·
559 446 744 517 ὥσπερ
763 445 829 502 τὰ
851 451 1166 518 ἔμπροσθέν
1183 467 1271 506 σοι
1291 450 1611 508 ὑπετείνατο
1624 459 1924 524 Χαιρεφῶν

143 541 226 586 449
255 531 347 585 καὶ
367 528 520 604 αὐτῷ
539 537 720 594 καλῶς
738 532 830 586 καὶ
849 529 939 585 διὰ
960 536 1211 603 βραχέων
1239 532 1543 605 ἀπεκρίνω·
1582 538 1672 591 καὶ
1694 543 1802 591 νῦν
1822 533 1924 590 οὕ-

254 634 359 675 τως
387 612 502 667 εἰπὲ
531 618 611 676 τίς
639 609 672 682 ἡ
706 614 867 683 τέχνη
898 616 990 669 καὶ
1018 622 1143 670 τίνα
1160 620 1403 685 Γοργίαν
1431 623 1619 672 καλεῖν
1645 616 1745 688 χρὴ
1765 616 1921 688 ἡμᾶς.

255 701 468 763 μᾶλλον
484 697 560 766 δέ,
584 689 626 749 ὦ
642 700 868 766 Γοργιά,
890 694 1056 761 αὐτὸς
1071 695 1206 768 ἡμῖν
1226 700 1345 753 εἰπέ
1353 741 1368 769 ,
1390 704 1514 754 τίνα
1534 718 1595 754 σε
1614 698 1715 770 χρὴ
1737 705 1922 754 καλεῖν

258 773 330 840 ὦς
349 781 497 841 τίνος
516 777 852 848 ἐπιστήμονα
872 782 1076 850 τέχνης.

395 865 552 915 ΓΟΡ.
596 865 705 930 Τῆς
723 862 1030 931 ῥητορικῆς,
1052 855 1098 916 ὦ
1118 861 1426 930 Σώκρατες.

394 947 518 997 ΣΩ.
547 940 773 1013 Ῥήτορα
792 943 899 1011 ἄρα
916 944 1020 1014 χρή
1041 960 1102 999 σε
1122 952 1339 999 καλεῖν·
1324 984 1341 1011 ,

394 1029 552 1079 ΓΟΡ.
587 1021 828 1094 Ἀγοοθόν
845 1047 937 1097 γε,
980 1021 1025 1082 ῶ
1043 1027 1366 1097 Σώκρατες,
1406 1030 1455 1081 εἰ
1478 1023 1587 1096 δὴ”
1565 1023 1599 1080 o'
1616 1046 1678 1096 γε
1699 1025 1922 1137 εὔχομαι

256 1104 423 1176 εἶναι,
450 1104 522 1171 ὡς
541 1111 643 1178 ἔφη
649 1106 904 1179 Ὅμηρος,
925 1109 1115 1179 βούλει
1133 1131 1199 1179 με
1217 1115 1418 1164 καλεῖν.

397 1195 523 1244 ΣΩ.
556 1188 715 1246 Ἀλλά
733 1192 1019 1263 βούλομαι.

397 1277 566 1327 ΓΟΡ.»
592 1273 764 1329 Καλει
785 1274 869 1345 δή.

193 1371 226 1410 Β
397 1360 523 1410 ΣΩ.
567 1353 799 1411 Οὐκοῦν
833 1359 925 1412 καὶ
959 1356 1162 1420 ἄλλους
1199 1374 1259 1411 σε
1279 1362 1474 1426 φῶμεν
1507 1354 1749 1411 δυνατὸν
1786 1355 1922 1411 εἶναι

256 1446 458 1502 ποιεῖν;

396 1524 553 1575 ΓΟΡ.
586 1517 1018 1591 Ἐπαγγέλλομαί
1039 1543 1100 1591 γε
1132 1518 1197 1591 δὴ
1229 1526 1400 1575 ταῦτα
1429 1519 1497 1575 οὐ
1526 1520 1702 1591 μόνον
1723 1520 1920 1575 ἐνθάδε

255 1597 395 1655 ἀλλὰ
415 1603 505 1657 καὶ
523 1601 739 1659 ἄλλοθι.

395 1689 521 1739 Σῼ.
555 1678 658 1754 Ἆρ’
684 1678 791 1739 οὖν
820 1685 1111 1755 ἐθελήσαις
1137 1684 1238 1753 ἄν,
1279 1677 1325 1738 ὦ
1339 1689 1573 1754 Γοργία,
1613 1682 1797 1753 ὥσπερ
1818 1690 1919 1739 νῦν

257 1766 655 1836 διαλεγόμεθα,
679 1770 982 1821 διατελέσαι
1003 1766 1060 1822 τὸ
1085 1766 1186 1836 μὲν
1205 1769 1443 1835 ἐρωτῶν,
1465 1763 1526 1821 τὸ
1549 1764 1602 1820 δ’
1622 1764 1912 1836 ἀποκρινό-

256 1867 436 1916 μενος,
458 1844 517 1901 τό
542 1846 601 1902 δὲ
621 1853 795 1917 μῆκος
813 1854 926 1902 τῶν
945 1848 1129 1916 λόγων
1145 1854 1309 1904 τοῦτο
1322 1891 1337 1918 ‚
1360 1844 1482 1903 οἶον
1499 1850 1590 1903 καὶ
1606 1853 1803 1913 Πῶλος
1821 1849 1914 1919 ἤρ-

257 1932 383 1993 ξατο
397 1971 411 1999 ,
433 1934 686 1994 εἰσαῦθις
705 1928 1051 1997 ἀποθέσθαις
1090 1928 1201 1985 ἀλλ’
1226 1929 1362 1998 ὅπερ
1392 1926 1668 2000 ὑπισχνεῖ,
1690 1931 1763 2000 μὴ
1784 1930 1915 1995 ψεύ-

255 2027 353 2084 σῃ,
393 2010 531 2066 ἄλλα
553 2014 822 2082 ἐθέλησον
850 2010 987 2066 κατὰ
1015 2011 1196 2083 βραχὺ
1215 2011 1275 2066 τὸ
1306 2010 1663 2081 ἐρωτώμενον
1691 2009 1914 2080 ἀποκρί-

254 2101 468 2147 νεσθαι.

393 2180 550 2231 ΓΟΡ.
586 2177 711 2232 Εἰσὶ
730 2178 849 2247 μέν,
873 2171 918 2230 ῶ
938 2176 1260 2246 Σώκρατες,
1284 2179 1424 2230 ἔνιαι
1441 2180 1554 2229 τῶν
1572 2172 1918 2242 ἀποκρίσεων

253 2255 546 2327 ἀναγκαῖαι
583 2257 673 2313 διὰ
712 2265 939 2329 μακρῶν
972 2256 1102 2323 τούς
1137 2258 1340 2328 λόγους
1367 2264 1671 2312 ποιεῖσθαι·
1718 2253 1787 2310 οὐ
1806 2256 1921 2326 μὴν

191 2348 227 2391 C
255 2338 394 2395 αλλά
416 2341 747 2411 πειρασομαί
768 2363 830 2410 γε
860 2341 931 2405 ῶς
963 2340 1052 2395 δια
1085 2340 1456 2412 βραχυτατων.
1513 2337 1722 2409 καὶγὰρ
1742 2360 1814 2392 αν
1834 2341 1924 2393 καὶ

257 2429 419 2478 τοῦτο
441 2424 504 2477 ἕν
523 2425 672 2478 ἐστιν
691 2425 772 2477 ῶν
790 2431 955 2493 φημί,
995 2424 1203 2493 μηδένα
1233 2444 1306 2477 αν
1324 2425 1384 2477 ἐν
1412 2425 1765 2494 βραχυτέροις
1784 2423 1923 2491 ἐμου
1948 2423 1962 2501 j

253 2525 320 2557 τα
340 2503 479 2559 αὐτα
500 2510 686 2560 εἰπεῖν.
1947 2503 1957 2518 ‘

395 2590 520 2640 ΣΩ.
561 2585 777 2642 Τούτου
805 2588 917 2656 μὴν
947 2590 1054 2657 δεῖ,
1094 2582 1139 2641 ὦ
1159 2591 1390 2655 Γοργία·
1426 2591 1526 2642 καί
1541 2607 1634 2656 μοι
1663 2587 1935 2652 ἐπίδειξιν

254 2661 431 2720 αὐτοῦ
449 2665 653 2721 τούτου
670 2671 910 2737 ποίησαι,
932 2674 1026 2737 τῆς
1045 2672 1437 2738 βραχυλογίας,
1478 2672 1844 2739 μακρολογίας
1864 2667 1934 2725 δε

251 2750 516 2812 εἰσαῦθις
