1962 3112
1105 2 1108 6 ’
1150 0 1525 24 ““ν
1559 2 1564 6 <
1596 0 1962 35 Wfflmffl

394 39 429 47 -Ὗη

249 129 351 182 308
848 131 1320 180 ΠΛΑΤΩΝΟΣ
1835 143 1918 186 110

247 271 440 334 θειαν,
479 260 562 318 ὅτι
588 268 761 317 ταῦτα
789 263 969 317 πάντα
999 261 1104 332 ἐγώ
1134 265 1386 335 ε’ποίουν,
1426 259 1470 320 ὦ
1495 270 1707 338 παῖδες,
1745 264 1915 336 ὑγιει-

248 350 384 412 νῶς,
418 341 627 399 ὁπόσον
648 351 750 398 οἴει
769 338 841 397 ἀν
860 340 1165 414 ἀναβοῆσαι
1186 342 1314 408 τούς
1333 345 1614 411 τοιούτους
1634 347 1919 412 δικαστάς;

249 423 318 480 οὐ
344 425 507 494 μέγα;

390 511 558 560 ΚΑΛ.
605 504 762 569 Ἴσως
776 527 786 536 ·
809 509 1031 560 οἴεσθαί
1043 527 1105 574 γε
1123 505 1240 576 χρή.

388 592 511 644 ΣΩ.
555 584 784 641 Οὐκοῦν
804 594 907 642 οἴει
926 587 987 642 ἐν
1006 585 1153 659 πάσῃ
1169 585 1372 661 ἀπορίᾳ
1392 584 1464 642 ἀν
1483 586 1656 644 αὐτον
1676 593 1915 660 ἔχεσθαι,

188 685 221 725 Β
250 664 285 722 δ’
301 689 351 723 τι
368 667 468 739 χρὴ
494 673 693 734 εἰπεῖν;

391 755 562 804 ΚΑΛ.
621 748 783 804 Πάνυ
800 770 876 818 γε.

388 835 661 886 LXXVIII.
735 835 858 884 ΣΩ.
920 835 1188 885 Τοιοῦτον
1216 833 1402 901 μέντοι
1429 832 1519 886 καὶ
1549 829 1654 901 ε’γώ
1687 830 1807 886 οἶδα
1835 829 1919 886 ὅτι

250 911 434 976 πάθος
463 911 701 981 πάθοιμι
728 906 799 965 ἀν
830 910 1098 967 εἰσελθών
1127 917 1203 977 εἰς
1243 914 1609 985 δικαστήριον.
1649 911 1776 967 οὔτε
1810 911 1917 982 γάρ

247 992 456 1064 ἡδονὰς
483 990 547 1058 ἃς
575 993 906 1063 ἐκπεπόρικα
926 994 1024 1058 ἔξω
1047 991 1232 1059 αὐτοῖς
1250 998 1454 1065 λέγειν,
1487 992 1551 1059 ἂς
1576 986 1730 1049 οὗτοι
1759 992 1919 1068 εὐερ-

249 1080 436 1144 γεσίας
465 1078 555 1129 καὶ
588 1072 853 1144 ὠφελείας
882 1080 1221 1147 νομίζουσιν,
1262 1076 1366 1147 ἐγώ
1389 1076 1444 1132 δὲ
1465 1075 1594 1131 οὔτε
1613 1075 1742 1139 τοὺς
1759 1079 1920 1143 πορί-

250 1161 442 1222 ζοντας
472 1162 614 1226 ζηλῶ
642 1154 770 1210 οὔτε
801 1153 882 1219 οἷς
911 1161 1206 1226 πορίζεται·
1243 1159 1342 1213 ε’άν
1370 1160 1431 1213 τέ
1456 1164 1534 1222 τίς
1563 1177 1630 1227 με
1656 1152 1693 1226 ἢ
1723 1159 1922 1210 νεωτέ-

253 1259 386 1305 ρους
407 1243 486 1309 φῇ
508 1242 855 1310 διαφθείρειν
875 1236 1104 1308 ἀπορεῖν
1118 1247 1402 1310 ποιοῦντα,
1424 1235 1460 1309 ἢ
1477 1237 1608 1304 τοὺς
1619 1240 1921 1309 πρεσβυτέ-

254 1341 388 1390 ρους
418 1333 749 1392 κακηγορεῖν
776 1324 1007 1391 λέγοντα
1036 1320 1268 1392 πικροὺς
1287 1321 1487 1391 λόγους
1504 1317 1541 1391 ἦ
1562 1324 1672 1393 ἰδίᾳ
1690 1315 1727 1391 ἦ
1749 1324 1921 1390 δημο-

250 1407 344 1474 σίᾳ
359 1444 372 1470 ,
405 1400 534 1457 οὔτε
552 1401 612 1458 τὸ
637 1402 837 1474 ἀληθὲς
856 1405 955 1469 ἔξω
979 1410 1177 1474 εἰπεῖν,
1208 1403 1293 1459 ὅτι
1316 1408 1536 1468 δικαίως
1556 1403 1732 1458 πάντα
1750 1409 1922 1461 ταῦτα

188 1496 220 1536 C
249 1479 354 1551 ἐγώ
384 1485 551 1553 λέγω,
589 1486 679 1539 καὶ
707 1485 927 1554 πράττω
956 1484 1017 1540 τὸ
1048 1483 1316 1556 ὑμέτερον
1345 1483 1411 1555 δὴ
1431 1491 1621 1553 τοῦτο,
1661 1476 1707 1538 ὦ
1724 1481 1917 1553 ἄνδρες

251 1569 527 1633 δικασταί,
569 1564 698 1620 οὔτε
734 1565 870 1622 ἄλλο
902 1565 1095 1623 οὐδέν·
1135 1566 1273 1623 ὥστε
1300 1575 1454 1636 ἴσως,
1504 1564 1537 1620 ὅ
1565 1587 1617 1620 τι
1655 1560 1728 1620 ἄν
1756 1563 1919 1634 τύχω,

247 1653 409 1701 τοῦτο
430 1655 698 1716 πείσομαι.

389 1733 564 1783 ΚΑΛ.
617 1736 794 1784 Δοκεῖ
807 1724 914 1784 οὖν
934 1747 1039 1802 σοι,
1061 1723 1105 1785 οἳ
1126 1729 1445 1799 Σώκρατες,
1464 1735 1644 1794 καλῶς
1659 1733 1800 1799 ἔχειν
1818 1728 1920 1784 ἅν-

248 1817 478 1876 θρωπος
529 1810 589 1862 ἐν
635 1809 794 1864 πόλει
827 1810 973 1865 οὕτω
1012 1816 1349 1881 διακείμενος
1392 1813 1484 1866 καὶ
1527 1810 1801 1875 ἀδύνατος
1838 1806 1919 1866 ὢν

250 1890 429 1963 ἑαυτῷ
447 1895 707 1961 βοηθεῖνς

390 1977 514 2026 ΣΩ.
570 1978 643 2027 Εἰ
670 1975 847 2029 ἐκεῖνό
864 1996 926 2044 γε
944 1977 1005 2030 ἐν
1022 1973 1171 2048 αὐτῷ
1203 1973 1467 2045 ὑπάρχοι,
1507 1968 1552 2030 ὦ
1577 1979 1919 2044 Καλλίκλεις,

249 2050 281 2107 ὂ
310 2051 380 2107 σὺ
424 2054 687 2117 πολλάκις
728 2053 1112 2127 ὡμολόγησας·
1152 2061 1201 2111 εἰ
1231 2055 1592 2128 βεβοηθηκώς
1629 2064 1711 2127 εἴη
1751 2055 1917 2130 αὑτῷ,

187 2152 222 2193 1)
253 2135 387 2206 μήτε
425 2137 550 2203 περὶ
591 2134 931 2205 ἀνθρώπους
975 2137 1110 2208 μήτε
1145 2139 1269 2207 περὶ
1309 2134 1483 2201 θεοὺς
1517 2135 1710 2192 ἄδικον
1750 2138 1922 2208 μηδὲν

251 2218 386 2287 μήτε
420 2217 652 2288 εἰρηκώς
680 2217 815 2289 μήτε
845 2222 1213 2289 εἰργασμένος.
1251 2218 1389 2290 αὕτη
1426 2219 1532 2291 γάρ
1567 2242 1648 2284 τις
1686 2219 1922 2290 βοήθεια

250 2305 427 2371 ἐαυτῷ
458 2300 722 2364 πολλάκις
750 2300 881 2372 ἡμῖν
911 2300 1254 2374 ὡμολόγηται
1280 2307 1537 2372 κρατίστη
1571 2301 1724 2358 εἶναι.
1754 2302 1922 2372 εἰμὲν

251 2374 359 2435 οὖν
377 2383 474 2451 ε’μέ
490 2403 571 2446 τις
588 2384 852 2453 ἐξελέγχοι
871 2385 1078 2455 ταύτην
1088 2385 1191 2455 τὴν
1201 2383 1472 2455 βοήθειαν
1487 2381 1766 2439 ἀδύνατον
1785 2382 1922 2438 ὄντα

249 2464 471 2534 ἐμαυτῷ
488 2463 749 2537 καὶ-ἄλλῳ
769 2471 1018 2538 βοηθεῖν,
1040 2471 1402 2537 αἰσχυνοίμην
1421 2461 1494 2521 ἂν
1511 2467 1603 2521 καὶ
1622 2468 1683 2520 ἐν
1699 2471 1922 2530 πολλοῖς

250 2543 345 2599 καὶ
361 2545 423 2598 ἐν
442 2544 647 2614 ὀλίγοις
665 2547 1078 2618 ἐξελεγχόμενος
1098 2550 1189 2603 καὶ
1208 2548 1378 2618 μόνος
1396 2546 1506 2603 ὑπὸ
1527 2547 1733 2618 μόνου,
1765 2549 1855 2603 καὶ
1875 2551 1925 2603 εἰ

249 2624 343 2680 διὰ
373 2625 582 2697 ταύτην
600 2625 702 2697 τὴν
731 2626 1046 2698 ἀδυναμίαν
1074 2628 1513 2700 ἀποθνήσκοιμι,
1552 2626 1921 2701 ἀγανακτοίην

250 2704 345 2760 ἅν·
388 2712 438 2762 εἰ
466 2706 525 2762 δὲ
556 2714 850 2779 κολακικῆς
881 2712 1170 2782 ῥητορικῆς
1199 2715 1379 2783 ἐνδείᾳ
1408 2709 1715 2783 τελευτῴην
1732 2715 1920 2781 ἔγωγε,

187 2802 221 2841 Ε
251 2780 317 2843 εὖ
336 2787 458 2844 οἶδα
477 2788 508 2843 ὅ
513 2813 561 2845 τι
579 2792 781 2864 ῥᾳδίως
802 2796 939 2857 ἴδοις
958 2790 1029 2848 ἄν
1046 2815 1113 2864 με
1130 2796 1372 2864 φέροντα
1385 2790 1484 2847 τὸν
1496 2792 1764 2849 θάνατον.
1784 2791 1919 2848 αὐτὸ
