2020 3094
225 163 328 215 110
410 209 414 211 .
833 165 1303 213 ΠΛΑΤΩΝΟΣ
1703 136 1711 142 ’
1847 174 1902 215 22
1973 0 2020 216 1

226 295 366 354 ἀλλά
386 299 476 354 καὶ
495 304 657 353 τοῦτο
679 295 868 365 ὀρθῶς
890 294 1072 365 εἷπον,
1116 295 1287 351 εἰπών
1314 294 1401 353 ὅτι
1429 309 1552 353 νοεῖ
1573 297 1639 353 τὰ
1661 299 1903 370 ῥήματα·,
2012 266 2020 379 ⁴

225 381 430 449 πότερα
451 380 561 451 φῂς
580 379 974 450 ἐξαμαρτάνειν
1004 399 1071 449 με
1095 374 1132 449 ἦ
1152 376 1223 433 οὔ
1236 403 1250 446 3
1288 382 1338 433 εἰ
1351 377 1459 448 γὰρ
1480 377 1553 450 μὴ
1577 380 1898 450 ἐξήμαρτον,

225 461 355 519 οὐδὲ
378 461 448 517 σὺ
479 465 794 532 ἐξελέγξεις,
833 468 1029 529 καίπερ
1050 459 1222 530 σοφὸς
1243 458 1340 528 ω’ν,
1378 459 1504 516 οὐδ’
1526 461 1713 532 ἔχεις’
1680 486 1707 517 ο
1730 485 1782 517 τι
1799 471 1903 535 χρῇ

224 550 299 617 τῷ
336 545 510 618 λόγῳ·
563 549 612 600 εἰ
646 543 697 599 δ’
735 543 1068 615 ἐξήμαρτον,
1107 539 1230 597 οὐδ’
1273 541 1449 607 οὕτως
1482 541 1670 612 ὀρθῶς
1710 545 1901 614 λέγεις,
2012 518 2020 587 ι

112 629 198 675 288
227 625 462 695 φάσκων
491 624 594 681 οὐκ
625 625 766 681 εἶναι
795 625 1215 696 ἐξαμαρτάνειν·
1253 627 1345 681 καὶ
1381 631 1554 681 ταῦτα
1594 624 1663 680 ού
1699 625 1838 696 πρὸς
1868 622 1901 680 ἃ

224 710 457 778 πέρυσιν
479 712 660 777 ἔλεγες
679 709 835 777 λέγω.
858 705 1046 762 ἀλλά”
1016 728 1212 776 εοικεν,
1235 710 1377 777 ἔφην
1395 707 1531 778 ἐγώ,
1557 730 1599 762 ω
1619 708 1903 763 Διονυσό-

226 793 373 862 δωρέ
396 813 454 846 τε
485 792 577 847 καὶ
603 789 939 861 Εὐθύδημε,
979 783 1142 853 οὗτος
1171 789 1272 859 μὲν
1294 787 1323 843 ὁ
1344 788 1509 858 λόγος
1528 791 1588 844 ἐν
1604 786 1788 862 ταύτῷ
1805 791 1903 860 με’-

225 894 370 941 νειν,
409 874 500 927 καὶ
532 877 610 927 ἔτι
632 872 815 941 ὥσπερ
846 871 905 928 τὸ
934 869 1173 927 παλαιὸν
1194 870 1523 944 καταβαλών
1541 877 1784 941 πίπτειν,
1812 874 1899 927 καὶ

228 954 367 1010 ὥστε
386 961 551 1010 τοῦτο
572 953 645 1026 μὴ
677 955 933 1026 πάσχειν,
974 952 1097 1010 οὐδ’
1130 952 1238 1009 ὑπὸ
1274 961 1369 1025 τῆς
1399 951 1663 1025 ὑμετέρας
1702 974 1785 1008 πω
1816 957 1903 1008 τέ-

224 1059 357 1107 χνης
383 1039 740 1109 ἐξευρῆσθαι,
764 1039 854 1092 καὶ
883 1043 1054 1092 ταῦτα
1074 1034 1278 1093 οὑτωσὶ
1297 1042 1621 1107 θαυμαστῆς
1640 1034 1808 1106 ούσης
1829 1040 1904 1099 εἰς

225 1116 512 1190 ἀκρίβειαν
531 1118 729 1189 λόγων.
764 1121 855 1174 καὶ
886 1117 914 1174 ὁ
937 1118 1286 1189 Κτήσιππος,
1322 1118 1615 1188 Θαυμάσιά
1635 1139 1697 1187 γε
1717 1114 1903 1186 λέγετ’,

164 1205 194 1245 Β
225 1205 357 1272 ἔφη,
401 1204 442 1255 ώ
480 1200 679 1272 ἄνδρες
710 1201 941 1270 Θούριοι
976 1209 1082 1257 εἴτε
1109 1208 1234 1256 Χῖοι
1265 1197 1375 1256 εἴθ’
1417 1197 1630 1255 ὁπόθεν
1668 1202 1758 1255 καὶ
1795 1198 1903 1270 όπῃ

225 1290 478 1354 χαίρετον
499 1282 918 1355 ὀνομαζόμενοι·
960 1282 1031 1349 ὡς
1064 1281 1230 1338 ούδεν
1257 1279 1392 1352 υμῖν
1419 1284 1568 1352 μέλει
1595 1289 1697 1337 τοῦ
1725 1301 1905 1352 παρα-
2007 1290 2020 1350 ᾖ

227 1373 430 1436 ληρεῖν.
466 1367 556 1423 καὶ
592 1366 697 1436 ἐγώ
727 1372 1026 1438 φοβηθείς,
1066 1363 1139 1435 μὴ
1171 1367 1416 1434 λοιδορία
1449 1366 1696 1434 γένηται,
1735 1363 1900 1418 πάλιν

227 1448 614 1518 κατεπράϋνον
648 1447 748 1505 τὸν
781 1449 1112 1521 Κτήσιππον
1151 1448 1242 1501 καὶ
1279 1445 1461 1501 εἷπον·
1493 1440 1560 1500 ’.Ω
1594 1445 1900 1516 Κτήσιππε,

224 1531 317 1584 καὶ
344 1536 454 1584 νῦν
484 1527 550 1601 δὴ
583 1527 620 1585 δι’
650 1528 790 1599 πρὸς
807 1536 1075 1586 Κλεινίαν
1103 1533 1331 1599 ἔλεγον,
1358 1529 1449 1583 και
1477 1526 1616 1599 πρὸς
1645 1531 1704 1583 σὲ
1730 1526 1900 1583 ταύτοὶ

225 1617 396 1666 ταῦτα
426 1613 594 1681 λέγω,
631 1609 715 1667 ὅτι
745 1610 813 1668 οὐ
844 1610 1170 1682 γιγνώσκεις
1197 1617 1311 1666 τῶν
1343 1614 1514 1677 ξένων
1543 1609 1646 1683 τὴν
1675 1618 1899 1683 σοφίαν,

225 1715 312 1748 οτι
330 1699 618 1764 θαυμασία
638 1696 812 1750 ἐστίν·
835 1692 958 1751 ἀλλ’
983 1693 1087 1750 οὐκ
1107 1697 1364 1750 ἐθέλετον
1381 1690 1513 1764 ἡμῖν
1530 1697 1903 1760 ἐπιδείξασθαι

227 1777 616 1847 σπουδάζοντε,
639 1775 776 1834 ἀλλα
796 1775 894 1833 τὸν
912 1781 1144 1846 Πρωτέα
1163 1783 1460 1847 μιμεῖσθον
1478 1774 1578 1831 τὸν
1595 1777 1904 1844 Αἰγύπτιον

169 1864 200 1906 G
229 1857 502 1931 σοφιστὴν
549 1860 881 1931 γοητεύοντε
925 1858 1084 1931 ἡμᾶς.
1131 1857 1286 1929 ημεῖς
1323 1860 1429 1912 οὑν
1474 1855 1574 1911 τὸν
1607 1861 1904 1912 Μενέλαον

227 1940 550 2011 μιμώμεθα,
588 1942 680 1998 καὶ
708 1942 780 2012 μὴ
804 1939 1103 2013 ἀφιώμεθα
1123 1952 1242 1997 τοῖν
1261 1939 1519 2009 ἀνδροῖν,
1559 1942 1661 2005 ε’ως
1680 1963 1752 1994 αν
1769 1938 1903 2011 ημῖν

228 2025 558 2094 ἐκφανῆτον,
579 2022 669 2094 ἐφ’
693 2016 740 2098 ᾦ
757 2022 907 2078 αὐτώ
928 2023 1324 2089 σπουδάζετον·
1346 2021 1495 2092 οἶμαι
1514 2022 1620 2092 γάρ
1639 2045 1691 2077 τι
1711 2020 1903 2078 αὐτοῖν

228 2106 514 2175 πάγκαλον
526 2114 846 2177 φανεῖσθαι,
868 2107 1093 2163 ἐπειδάν
1105 2105 1377 2176 άρξωνται
1390 2107 1741 2171 σπουδάζειν·
1764 2103 1900 2160 ἀλλὰ

230 2187 487 2258 δεώμεθα
515 2190 605 2243 καὶ
635 2189 1104 2261 παραμυθώμεθα
1133 2190 1224 2243 καὶ
1252 2187 1690 2258 προσευχώμεθα
1710 2185 1902 2242 αὐτοῖν

228 2273 552 2342 ἐκφανῆναι.
591 2270 697 2340 ἐγω
722 2274 827 2326 οὐν
846 2293 939 2342 μοι
959 2274 1107 2327 δοκιό
1124 2272 1214 2326 καὶ
1235 2267 1402 2334 αὐτὸς
1419 2270 1588 2325 πάλιν
1605 2266 1900 2339 ὑφηγήσα-

228 2359 391 2422 σθαι,
430 2354 525 2407 οίω
557 2352 930 2424 προσεύχομαι
950 2351 1100 2408 αύτω
1122 2358 1370 2423 φανῆναί
1394 2372 1512 2422 μοι
1547 2349 1688 2405 ὅθεν
1710 2371 1817 2420 γαρ
1838 2349 1897 2404 τὸ

167 2446 201 2486 D
233 2433 507 2502 πρότερον
537 2432 829 2506 ἀπέλιπον,
867 2433 928 2490 τὸ
961 2436 1078 2505 ἑξῆς
1107 2435 1324 2499 τούτοις
1359 2432 1712 2503 πειράσομαι,
1751 2430 1899 2495 ὅπως

226 2513 300 2571 ἄν
329 2517 605 2586 δύνωμαι,
645 2520 912 2584 διελθεῖν,
951 2517 1049 2572 ἐάν
1078 2538 1194 2582 πως
1223 2517 1598 2585 ἐκκαλέσωμαι
1626 2514 1717 2568 καὶ
1746 2512 1898 2583 ἐλεή-

228 2603 393 2654 σαντέ
420 2621 487 2669 με
517 2601 607 2654 καὶ
626 2605 959 2670 οἰκτείραντε
981 2601 1387 2669 συντεταμένον
1406 2597 1497 2652 καὶ
1520 2595 1897 2660 σπουδάζοντα

228 2683 318 2736 καὶ
338 2679 484 2736 αὐτω
509 2681 912 2752 σπουδάσητον.

365 2769 522 2821 XVII.
590 2762 681 2819 Σὺ
703 2766 789 2835 δέ,
813 2757 856 2818 ώ
874 2769 1101 2819 Κλεινία
1113 2767 1318 2834 ,ἕφην,
1339 2759 1667 2831 ἀνάμνησόν
1688 2783 1771 2831 με,
1794 2781 1894 2816 πυ-

226 2853 331 2903 θεν
349 2843 464 2902 τότ’
488 2843 838 2918 ἀπελίπομεν.
862 2842 934 2911 ώς
948 2868 1049 2917 μεν
1068 2840 1172 2901 οὖν
1192 2847 1421 2916 ἐγῷμαι,
1451 2846 1679 2898 ενθένδε
1701 2845 1896 2898 ποθέν
