1962 3112
195 145 256 221 ea
838 167 1210 215 ΓοΡΓΙΛΣ
1769 162 1874 215 261

197 306 435 373 συλλεγῇ
473 301 698 358 δούλων
739 300 832 357 καὶ
869 302 1242 355 παντοδαπῶν
1279 295 1600 368 ἀνθρώπων
1626 297 1877 398 τμηδενός

200 382 364 450 ’ἷξίων
380 383 526 455 πλὴν
556 392 687 448 ἴσως
702 389 779 457 τῷ
800 381 1011 454 σώματι
1030 385 1447 452 ἰσχυρίσασθαι,
1467 381 1558 436 καὶ
1577 371 1732 436 οὗτοι
1754 385 1877 450 φῶ-

198 484 290 522 σιν
307 490 468 536 αττα,
489 474 660 522 ταῦτα
682 465 821 522 εἶναι
841 464 1075 563 νόμιμα;

338 553 462 604 ΣΩ.
515 547 676 615 Εἶεν,
698 569 739 602 ω
762 546 1048 617 σοφώτατε
1066 550 1415 610 Καλλίκλεις·
1436 542 1583 601 οὕτω
1603 547 1804 615 λέγειςς

338 636 510 686 ΚΑΛ.
562 630 731 684 Ποὶνυ
750 629 851 700 μὲν
870 622 990 684 οὖν.
1906 631 1939 672 D

338 717 463 767 ΣΩ.
516 710 663 767 Ἀλλ’
695 710 801 781 ἐγώ
833 714 959 782 μέν,
1001 703 1047 765 ὦ
1079 710 1327 780 δαιμόνιε
1341 751 1356 779 ,
1393 711 1486 764 καὶ
1513 706 1681 773 αὐτὸς
1709 706 1880 763 πάλαι

199 793 413 860 τοπάζω
442 792 699 850 τοιοῦτόν
728 799 785 848 τί
810 810 872 848 σε
901 796 1081 862 λέγειν
1108 790 1169 847 τὸ
1191 803 1469 863 κρεῖττον,
1507 792 1598 845 καὶ
1618 787 1879 861 ἄνερωτῶ

197 875 519 946 γλιχόμενος
552 882 745 946 σαφῶς
775 876 979 930 εἰδέναι
1007 873 1040 930 ὅ
1067 897 1118 929 τι
1149 877 1334 943 λέγεις.
1374 871 1443 927 οὐ
1469 871 1575 944 γὰρ
1607 871 1787 943 δήπου
1807 870 1881 927 σύ

197 978 261 1028 γε
280 955 411 1021 τούς
431 956 533 1012 δύο
553 961 802 1027 βελτίους
820 953 944 1027 ἡγεῖ
966 962 1070 1010 τοῦ
1100 955 1251 1026 ἑνός,
1282 952 1415 1011 οὐδὲ
1433 953 1564 1018 τούς
1582 951 1717 1017 σούς
1742 953 1878 1009 δού-

207 1045 330 1103 ’.ους
347 1043 597 1111 βελτίους
617 1044 741 1109 σοῦ,
761 1035 846 1092 ὅτι
864 1037 1210 1108 ἰσχυρότεροι
1227 1032 1421 1092 εἰσιν”
1383 1059 1418 1107 η
1440 1035 1524 1091 σύ.
1548 1034 1688 1091 ἀλλὰ
1709 1035 1878 1091 παλιν

0 1111 7 1178 ,Ι
198 1121 251 1186 ἐξ
289 1118 458 1191 ἀρχῆς
494 1122 637 1190 εἰπέ,
673 1126 728 1174 τί
752 1139 883 1174 ποτε
914 1121 1087 1190 λέγεις
1115 1140 1245 1183 τους
1274 1124 1550 1191 βελτίους,
1590 1115 1776 1188 ἐπειδὴ
1806 1114 1878 1173 οὐ

199 1199 329 1266 τούς
350 1206 765 1272 ίσχυροτέρους;
785 1205 876 1257 καὶ
898 1205 941 1256 ὦ
962 1201 1244 1272 θαυμάσιε
1263 1199 1575 1273 πραότερόν
1593 1222 1659 1272 με
1680 1203 1879 1270 προδί-

203 1286 394 1352 δασκε,
414 1286 507 1338 ἵνα
525 1282 599 1355 μὴ
621 1281 983 1355 ἆποφοιτήσω
1003 1283 1152 1353 παρὰ
1174 1291 1293 1339 σοῦ.

337 1370 508 1420 ΚΑΛ.
566 1365 898 1435 Είρωνεύει,
921 1387 963 1420 ω
986 1365 1294 1433 Σώκρατες.
1911 1372 1943 1414 Ε

338 1452 463 1502 ΣΩ.
518 1446 618 1502 Μὰ
640 1445 741 1502 τὸν
760 1453 976 1517 Ζῆθον,
997 1440 1041 1502 ὦ
1063 1453 1413 1517 Καλλίκλεις,
1436 1441 1483 1519 ᾦ
1503 1447 1573 1502 σύ
1593 1446 1876 1518 χρεόμενος

198 1527 374 1583 πολλὰ
408 1534 516 1583 νῦν
547 1528 613 1599 δὴ
647 1529 952 1596 είρωνεύου
982 1529 1120 1596 πρός
1139 1550 1205 1598 με
1221 1551 1231 1560 ·
1268 1527 1393 1584 ἀλλ’
1427 1537 1511 1584 effi
1545 1530 1686 1599 εἰπέ,
1724 1535 1876 1593 τίνας

198 1613 371 1678 λέγεις
388 1608 519 1674 τοὺς
537 1616 786 1682 βελτίους
807 1609 974 1675 εἶναι;

338 1697 508 1746 ΚΑΛ.
568 1689 712 1756 Τοὺς
731 1690 990 1763 ἀμείνους
1010 1695 1196 1761 ἔγωγε.

340 1779 463 1830 ΣΩ.
512 1773 675 1847 Ὁρᾷς
693 1773 819 1846 ἄρα,
840 1774 926 1830 ὅτι
945 1773 1016 1830 σύ
1036 1773 1203 1839 αὐτὸς
1220 1773 1467 1846 ὀνόματα
1483 1780 1672 1847 λέγεις,
1694 1780 1880 1848 δηλοῖς

199 1857 258 1913 δὲ
280 1855 474 1923 οὕδε’ν;
506 1853 609 1911 οὐκ
630 1859 785 1926 ἐρεῖς,
806 1855 936 1920 τούς
958 1862 1210 1928 βελτίους
1229 1859 1318 1914 καὶ
1338 1863 1620 1926 κρείττους
1639 1858 1878 1930 πότερον

199 1937 326 2004 τούς
345 1942 795 2010 φρονιμωτέρους
817 1942 990 2010 λέγεις
1008 1936 1044 2011 ἦ
1065 1939 1268 2005 ἄλλους
1287 1941 1463 2005 τινάς;

335 2026 508 2077 ΚΑΛ.
559 2017 716 2076 Ἀλλὰ
755 2024 845 2077 ναὶ
874 2021 948 2092 μὰ
979 2027 1090 2077 Διά
1126 2022 1359 2086 τούτους
1394 2025 1563 2093 λέγω,
1604 2024 1695 2078 καὶ
1732 2022 1877 2094 σφό-

200 2105 302 2172 δρα
326 2124 405 2172 γε.

338 2188 464 2238 ΣΩ.
501 2184 816 2251 Πολλάκις
791 2185 899 2255 α’ρα
918 2183 994 2250 εἷς
1011 2193 1242 2256 φρονῶν
1258 2192 1473 2257 μυρίων
1493 2186 1567 2258 μὴ
1590 2187 1878 2258 φρονούν-
1903 2201 1962 2249 49

202 2285 314 2319 των
332 2269 594 2332 κρείττων
612 2267 724 2322 ἐστὶ
744 2265 881 2322 κατὰ
900 2264 999 2322 τὸν
1020 2274 1123 2322 σόν
1143 2267 1337 2337 λόγον,
1359 2270 1451 2323 καὶ
1470 2273 1670 2324 τοῦτον
1688 2268 1878 2340 ἄρχειν

201 2349 308 2415 δεῖ,
348 2344 479 2411 τούς
499 2345 554 2402 δ’
588 2346 886 2418 ἄρχεσθαι,
929 2350 1020 2405 καὶ
1040 2354 1209 2405 πλέον
1230 2354 1371 2421 ἔχειν
1389 2349 1488 2406 τὸν
1507 2350 1746 2422 ἄρχοντα
1764 2358 1878 2408 τῶν

198 2428 520 2528 ἀρχομένων
533 2451 544 2462 ·
564 2436 729 2486 τοῦτο
750 2430 856 2502 γάρ
876 2454 969 2502 μοι
992 2435 1169 2497 δοκεῖς
1186 2432 1494 2503 βούλεσθαι
1514 2435 1878 2505 λέγειν-καὶ

198 2510 267 2566 οὐ
288 2512 487 2582 ῥήματι
506 2513 735 2583 θηρεύω
750 2545 819 2554 -
836 2510 931 2569 εἰ
904 2537 932 2569 ο
956 2511 1031 2578 εἷς
1050 2520 1162 2569 τῶν
1181 2522 1398 2586 μυρίων
1418 2522 1698 2586 κρείττων

340 2600 515 2651 ΚΑΛ.
568 2593 725 2650 Ἀλλα
759 2594 915 2650 ταῦτ’
953 2600 1100 2652 ἔστιν
1131 2594 1167 2651 α’
1195 2601 1351 2669 λέγω.
1392 2606 1557 2655 τοῦτο
1589 2598 1699 2671 γὰρ
1729 2598 1879 2670 οἶμαι

198 2674 302 2747 ἐγω
325 2676 387 2731 τὸ
412 2680 627 2732 δίκαιον
647 2676 785 2732 εἶναι
806 2677 1000 2749 φύσει,
1032 2678 1092 2734 τὸ
1113 2678 1363 2750 βελτίω”
1328 2702 1464 2736 οντα
1482 2684 1571 2737 καὶ
1591 2681 1879 2752 φρονιμω-

198 2778 360 2826 τερον
378 2757 528 2814 καὶ”
491 2780 679 2829 αρχειν
701 2762 790 2815 καὶ
813 2761 983 2816 πλέον
1001 2764 1141 2832 ἔχειν
1162 2769 1275 2817 τῶν
1294 2769 1670 2835 φαυλοτέρων.

338 2846 493 2898 va.
569 2848 696 2898 ΣΩ.
736 2840 858 2914 ’Έχε
890 2841 956 2914 δὴ
989 2841 1179 2900 αὐτοῦ.
1222 2851 1279 2901 τί
1300 2866 1430 2901 ποτε
1452 2839 1525 2901 αὖ
1546 2853 1655 2901 νῦν
1676 2849 1878 2917 Mysas-3
1909 2861 1942 2903 B
