1962 3112
47 107 107 153 09
296 147 301 150 .
594 102 759 150 ΠΡΩ.
778 101 1163 150 ΤΑΓΟΡΑΣ.
1623 98 1726 154 ΓΠ

47 237 231 304 λέγειν
248 233 351 291 τόν
369 237 694 306 Σιμωνίδην
708 254 719 264 ·
759 237 1015 303 λέγοντος
1041 241 1145 289 τοῦ
1160 241 1443 291 Πιττακοῦ
1461 233 1548 290 ὅτι
1563 243 1727 306 χαλε-

49 314 162 373 πὶν
183 314 393 373 ἐσθλὸν
412 320 657 388 ἔμμεναι,
674 315 1130 388 ἀμφισβητοῦντα
1147 323 1321 374 εἰπεῖν
1340 314 1426 373 ὅτι
1444 315 1565 387 οῦκ,
1584 315 1725 374 ἀλλὰ

49 401 313 470 γενέσθαι
337 399 440 470 μὲν
469 401 715 470 χαλεπὸν
740 398 922 468 ἄνδρα
948 397 1168 468 ἀγαθόν
1198 402 1374 470 ἐστιν,
1406 392 1451 455 ως
1467 402 1724 471 Πιττακέ,

48 478 124 546 ὥς
142 478 396 553 ἀληθῶς,
435 479 540 537 οὐκ
570 480 805 553 ἀληθείᾳ
834 479 1086 552 ἀγαθόν,
1128 480 1252 538 οὐδ’
1277 484 1366 539 ε’πὶ
1383 482 1562 557 τούτῳ
1581 485 1726 553 λέγει

49 562 155 633 τὴν
174 563 475 634 ἀλήθειαν,
535 561 607 628 ὥς
626 562 734 632 ἄρα
762 562 947 619 ὄντων
966 570 1137 619 τινῶν
1155 571 1270 620 τῶν
1287 564 1390 635 μὲν
1410 562 1483 630 ὠς
1503 564 1729 636 ἀληθῶς
1757 586 1789 626 Ε

46 642 311 715 ἀγαθῶν,
332 652 445 700 τῶν
465 645 523 701 δὲ
542 643 778 715 ἀγαθοῖν
797 649 926 716 μέν,
948 644 1017 701 οὐ
1036 650 1224 716 μέντοι
1242 645 1468 718 ἀληθῶς
1481 669 1492 679 ·
1523 647 1726 718 εὔηθες

44 725 153 797 γὰρ
173 726 341 782 τοῦτο’
358 748 423 798 γε
444 732 643 798 φανείη
665 722 737 782 ἂν
757 729 847 783 καὶ
867 727 937 783 οὐ
955 733 1278 799 Σιμωνίδου
1292 750 1303 760 ·
1334 726 1448 784 ἀλλ’
1475 726 1725 800 ὑπερβα-

44 807 146 864 τόν
164 812 252 864 δεῖ
263 817 450 866 θεῖναι
465 813 524 865 ἐν
542 817 621 883 τῷ
638 808 839 884 ᾅσματι
855 810 915 866 τὸ
932 808 1202 875 ἀλαθέως,
1215 807 1424 866 οὑτωσί
1434 831 1550 876 πως
1565 809 1726 866 ὑπει-

44 890 222 947 πόντα
242 890 303 947 τὸ
323 897 426 947 τοῦ
442 897 750 963 Πιττακοῦ,
792 891 977 963 ὥσπερ
1007 890 1081 949 ἂν
1113 901 1159 949 εἰ
1177 899 1411 964 θείημεν
1442 891 1616 949 αὐτὸν
1632 897 1726 950 λέ-

45 994 218 1043 γοντα
239 972 343 1028 τόν
358 972 638 1030 Πιττακὸν
657 976 749 1031 καὶ
770 978 1097 1046 Σιμωνίδην
1126 973 1604 1047 ἀποκρινόμενον,
1643 981 1724 1032 εἰ·-

45 1054 222 1111 πόντα
242 1050 287 1111 ω’
304 1055 618 1129 ἄνθρωποι,
633 1056 875 1129 χαλεπὸν
893 1056 1102 1113 ἐσθλὸν
1120 1061 1366 1128 ἔμμεναι,
1383 1056 1484 1114 τὸν
1503 1059 1562 1114 δὲ
1582 1057 1724 1114 ἀπο-

44 1138 381 1210 κρινόμενον
409 1137 496 1196 &a
527 1135 572 1196 ὦ
598 1143 862 1210 Πιττακέ,
902 1138 1006 1195 οὐκ
1037 1138 1222 1212 ἀληθῆ
1257 1142 1456 1210 λέγεις·
1512 1139 1582 1196 οὐ
1612 1141 1720 1213 γὰρ
1750 1163 1839 1212 344

43 1218 185 1276 εἶναι
202 1219 342 1278 ἀλλὰ
362 1225 626 1293 γενέσθαι
644 1225 747 1294 μέν
766 1226 914 1280 ἐστιν
933 1221 1112 1291 ἄνδρα
1141 1220 1364 1292 ἀγαθὸν
1382 1230 1540 1294 χερσί
1553 1246 1612 1279 τε
1632 1226 1723 1281 καὶ

43 1306 174 1359 ποσὶ
193 1306 284 1361 καὶ
301 1304 414 1378 νόω
433 1305 801 1376 τετράγωνον,
823 1306 960 1361 ἄνευ
981 1303 1163 1374 ψόγου
1182 1307 1537 1375 τετυγμένον,
1557 1314 1722 1377 χαλε-

43 1384 154 1443 πὸν
171 1384 439 1453 ἀλαθέως.
482 1386 628 1444 οὕτω
653 1395 909 1459 φαίνεται
929 1386 1030 1458 [τό]
1059 1387 1199 1456 πρὸς
1227 1387 1399 1457 λόγον
1417 1386 1479 1443 τό
1499 1392 1602 1460 μέν
1622 1392 1722 1460 έμ-

41 1474 385 1542 βεβλημένον
414 1473 505 1528 καὶ
538 1469 598 1528 τό
619 1470 873 1537 ἀλαθέως
902 1469 1089 1541 ὀρθῶς
1107 1466 1186 1526 ἐπ’
1209 1470 1416 1544 ἐσχάτῳ
1435 1478 1716 1543 κείμενον·

42 1552 134 1608 καὶ
151 1550 217 1607 τὰ
238 1551 463 1609 ἐπιόντα
482 1554 665 1608 πάντα
683 1555 862 1628 τούτῳ
883 1564 1167 1624 μαρτυρεῖ,
1188 1551 1273 1609 ὅτι
1291 1553 1469 1621 οὕτως
1491 1564 1715 1627 εἴρηται.

42 1634 220 1691 πολλὰ
246 1635 347 1706 μὲν
376 1635 482 1706 γὰρ
515 1642 628 1693 ἔστι
656 1638 748 1693 καὶ
777 1636 902 1704 περὶ
931 1635 1167 1691 ἑκάστου
1190 1643 1303 1691 τῶν
1333 1638 1394 1691 έν
1423 1644 1500 1711 τῷ
1520 1636 1720 1710 ᾄσματι

43 1720 346 1789 εἰρημένων
366 1717 646 1786 ἀποδεῖξαι
666 1718 740 1785 ὡς
760 1713 825 1774 εὖ
845 1723 1132 1790 πεποίηται
1145 1740 1156 1750 ·
1204 1719 1355 1775 πάνυ
1371 1718 1478 1790 γὰρ
1497 1724 1719 1791 χαριέν-
1750 1742 1781 1782 B

40 1821 145 1864 τως
164 1802 255 1856 καὶ
271 1805 656 1872 μεμελημένως
675 1805 806 1871 ἔχει·
848 1798 987 1856 ἀλλὰ
1006 1798 1223 1872 μακρὸν
1250 1796 1323 1856 ἄν
1347 1810 1428 1873 εἴη
1451 1800 1585 1858 αὐτὸ
1616 1802 1719 1858 οὕ·-

41 1903 115 1938 tm
136 1886 403 1939 διελθεῖν·
451 1881 590 1939 ἀλλὰ
622 1882 722 1938 τὸν
746 1880 926 1938 τύπον
945 1882 1120 1939 αὐτοῦ
1138 1882 1236 1940 τὸν
1256 1883 1392 1941 ὅλον
1422 1888 1718 1952 διεξέλθω-

39 1985 143 2036 μεν
163 1966 254 2021 καὶ
265 1963 366 2036 τὴν
383 1965 672 2037 βούλησιν,
687 1964 772 2022 ὅτι
790 1962 997 2028 παντὸς
1014 1971 1227 2035 μᾶλλον
1247 1966 1466 2037 ἔλεγχός
1483 1969 1597 2023 ἐστι
1615 1974 1718 2022 τοῦ

48 2050 369 2104 Πιττακείου
387 2048 628 2120 ῥήματος
649 2046 735 2104 διὰ
759 2045 967 2112 παντὸς
984 2053 1086 2102 τοῦ
1108 2046 1367 2121 ᾄσματος.

179 2135 336 2186 XXX
413 2132 575 2200 Λέγει
593 2128 701 2201 γὰρ
722 2129 857 2201 μετὰ
878 2137 1041 2186 τοῦτο
1064 2129 1221 2201 ὀλίγα
1241 2131 1510 2203 διελθών,
1549 2129 1622 2196 ὥς
1644 2128 1718 2188 ἂν

41 2217 93 2269 εἰ
106 2215 258 2283 λέγοι
277 2213 473 2283 λόγον,
511 2211 597 2269 ὅτι
624 2217 888 2284 γενέσθαι
914 2212 1015 2283 μὲν
1035 2212 1214 2282 ἄνδρα
1234 2212 1456 2283 ἀγαθὸν
1474 2213 1717 2284 χαλεπὸν

39 2293 320 2362 ἀλαθέως,
360 2289 480 2349 οἶόν
506 2315 564 2349 τε
593 2297 781 2365 μέντοι
800 2297 892 2350 int
914 2317 975 2365 γε
996 2295 1201 2366 χρόνον
1219 2294 1343 2350 τινά
1359 2318 1368 2327 ·
1410 2296 1716 2368 γενόμενον

38 2378 100 2436 δὲ
119 2381 400 2448 διαμένειν
421 2378 480 2431 έν
499 2375 672 2448 ταύτῃ
690 2381 757 2449 τῇ
779 2377 884 2443 ἕξει
903 2378 993 2432 καὶ
1014 2375 1155 2432 εἶναι
1174 2376 1351 2447 ἄνδρα
1372 2376 1620 2451 ἀγαθόν,
1642 2377 1716 2445 ὦς

38 2457 114 2517 οῦ
139 2461 342 2531 λέγεις,
386 2451 429 2513 ὦ
447 2462 708 2528 Πιττακέ,
746 2457 1026 2515 ἀδύνατον
1065 2460 1155 2516 καὶ
1194 2458 1298 2516 οὐκ
1334 2458 1712 2532 ἀνθρώπειον,

39 2538 178 2599 ἀλλὰ
199 2541 333 2607 θεὸς
354 2537 428 2596 ἄν
443 2541 614 2612 μόνος
633 2548 796 2596 τοῦτο
818 2547 929 2613 ἔχοι
948 2540 1008 2598 τὸ
1030 2545 1210 2614 γέρας,

181 2623 358 2695 ἄνδρα
378 2622 429 2680 δ’
457 2622 559 2679 οὐκ
583 2628 692 2679 ἔστι
719 2625 794 2696 μή
815 2623 883 2680 οὐ
902 2623 1080 2682 κακὸν
1099 2629 1343 2699 ἔμμεναι,

181 2703 250 2764 ὃν
266 2702 338 2763 ἄν
354 2704 634 2779 ἀμήχανος
654 2707 916 2778 συμφορὰ
938 2709 1166 2780 καθέλῃ.

6 2816 14 2840 ·
37 2797 161 2849 τίνα
193 2781 300 2844 οὖν
339 2786 621 2861 ἀμήχανος
656 2789 918 2862 συμφορὰ
939 2799 1205 2861 καθαιρεῖ
1217 2792 1278 2846 ἐν
1311 2797 1511 2847 πλοίου
1542 2793 1684 2866 ἀρχῇ
1697 2817 1715 2861 5

182 2868 331 2913 Ρυσο
364 2867 438 2912 111.
1411 2874 1462 2916 12

1750 2399 1782 2443 C
