1962 3112
0 2294 8 2301 ι
0 2204 11 2244 ⁷-
0 2138 5 2174 ·—
0 2094 9 2121 v-
0 1814 11 2083 -v—v—-vrv-—

114 122 197 168 131
771 115 1100 166 ΜΕΝΩΝ.
1685 117 1791 171 329

113 251 248 322 μετὰ
267 249 620 320 δικαιοσύνης
636 254 904 320 γίγνηται,
916 247 1081 321 ἆρετή
1094 253 1260 322 ἔσται,
1273 247 1306 306 ὃ
1324 249 1379 307 δ’
1391 246 1464 307 ἂν
1483 250 1622 308 ἄνευ
1643 255 1788 309 πάν-

114 356 228 389 των
244 338 359 388 τῶν
372 332 645 389 τοιούτων
657 374 673 402 ,
698 337 877 388 κακία.
1813 343 1870 391 79

254 421 441 472 MEN.
475 424 652 471 Δοκεῖ
664 435 758 485 μοι
776 413 1081 485 ἀναγκαῖον
1099 414 1241 472 εἶναι
1259 413 1333 481 ὥς
1351 419 1541 488 λέγεις.

253 501 362 554 XII.
430 502 556 553 ΣΩ.
605 495 834 553 Οὐκοῦν
857 498 1075 554 τούτων
1102 499 1338 555 ἕκαστον
1367 497 1557 571 ὀλίγον
1587 500 1788 568 πρότε-

118 601 222 651 ρον
241 579 440 650 μόριον
458 578 654 650 ἀρετῆς
671 583 883 650 ἔφαμεν
903 578 1060 651 εἶναι,
1073 579 1176 652 τὴν
1195 582 1558 654 δικαιοσύνην
1568 583 1656 639 καὶ
1676 599 1788 638 σω-

114 661 411 733 φροσύνην
428 662 519 715 καὶ
538 659 716 716 πάντα
737 659 802 715 τὰ
822 667 1076 727 τοιαῦτα;

249 747 436 797 ΜΕΝ.
472 747 600 797 Ναί.

251 830 377 880 ΣΩ.
413 822 575 895 Εἶτα,
600 819 645 881 ὦ
662 829 903 894 Μένων,
924 829 1124 890 παίζεις
1145 824 1283 893 πρός
1301 846 1396 896 με;

254 912 439 970 ΜΕΝ.
485 912 554 963 Τί
569 905 664 977 δή,
687 901 732 962 ὦ
750 906 1069 977 Σωκρατες;

252 993 377 1043 ΣΩ.
422 987 540 1044 Ὅτι
569 986 695 1058 ἄρτι
722 991 858 1058 ἐμοῦ
889 990 1186 1059 δεηθέντος
1214 1005 1318 1044 σου
1349 988 1423 1060 μὴ
1443 990 1786 1061 καταγνύναι

113 1070 246 1142 μηδὲ
266 1074 603 1141 κερματίζειν
622 1067 727 1141 τὴν
756 1068 986 1141 ἀρετήν,
1025 1071 1117 1125 καὶ
1147 1070 1343 1135 δόντος
1371 1074 1785 1142 παραδείγματα

113 1149 236 1210 καθ’
259 1150 293 1207 ἃ
314 1153 427 1207 δέοι
455 1150 886 1223 ἀποκρίνεσθαι,
927 1151 1132 1208 τούτου
1151 1153 1253 1223 μὲν
1271 1150 1572 1224 ἠμέλησας,
1612 1155 1786 1223 λέγεις

113 1238 175 1292 δέ
198 1258 309 1307 μοι,
341 1234 425 1291 ὅτι
454 1233 620 1306 α’ρετή
647 1236 797 1290 ἐστιν
817 1229 940 1290 οἶόν
966 1232 1008 1290 τ’
1038 1233 1177 1290 εἶναι
1211 1232 1433 1306 τάγαθὰ
1464 1240 1787 1306 πορίζεσθαι
1814 1259 1850 1300 Β

113 1315 243 1390 μετὰ
263 1317 643 1388 δικαιοσύνης·
677 1322 841 1371 τοῦτο
863 1316 922 1373 δὲ
944 1314 1055 1388 φῂς
1074 1316 1277 1387 μόριον
1296 1315 1493 1389 ἀρετῆς
1514 1317 1682 1386 εἶναι;

248 1403 435 1454 ΜΕΝ.
475 1397 700 1468 'Dyma

251 1486 376 1538 ΣΩ.
414 1479 645 1537 Οὐκοῦν
664 1486 956 1552 συμβαίνει
977 1484 1030 1549 ἐξ
1052 1475 1132 1537 ὦν
1150 1484 1221 1537 σύ
1243 1480 1543 1554 ὁμολογεῖς,
1568 1481 1629 1540 τὸ
1650 1482 1784 1555 μετὰ

110 1572 309 1637 μορίου
337 1561 536 1633 ἀρετῆς
565 1563 851 1634 πράττειν,
890 1562 924 1620 ὅ
951 1586 1003 1619 τι
1029 1559 1102 1619 ἂν
1121 1564 1359 1636 πράττῃ,
1397 1571 1561 1620 τοῦτο
1582 1563 1786 1637 ἀρετὴν

110 1646 275 1703 εἶναι·
313 1643 416 1716 τὴν
435 1643 542 1715 γὰρ
566 1647 930 1716 δικαιοσύνην
946 1645 1144 1716 μόριον
1163 1643 1274 1717 φῂς
1289 1643 1485 1718 ἀρετῆς
1503 1645 1645 1703 εἶναι
1658 1690 1672 1718 ,
1694 1650 1787 1703 καὶ

105 1731 307 1786 ἕκαστα
327 1728 557 1783 τούτων.

247 1814 432 1866 ΜΕΝ.
477 1801 665 1864 Τίοῦυ
685 1807 780 1879 δή;

247 1897 372 1950 ΣΩ.
417 1898 594 1947 Τοῦτο
623 1894 792 1960 λέγω,
833 1888 917 1946 ὅτι
948 1893 1084 1962 ἐμοῦ
1116 1892 1412 1962 δεηθέντος
1442 1890 1578 1946 ὅλον
1612 1894 1784 1946 εἰπεῖν

106 1974 208 2046 τὴν
227 1972 459 2045 ἀρετήν,
497 1970 675 2043 αὐτὴν
692 1973 794 2043 μὲν
814 1978 1025 2028 πολλοῦ
1046 1976 1157 2037 δεῖς
1179 1977 1353 2028 εἰπεῖν
1372 1971 1406 2027 ὅ
1426 1995 1475 2027 τι
1495 1977 1636 2042 ἔστι,
1674 1977 1783 2028 πᾶ-

107 2073 215 2111 σαν
249 2055 306 2111 δὲ
346 2053 456 2125 φῂς
493 2057 693 2121 πρᾶξιν
732 2051 936 2123 ἀρετὴν
974 2051 1111 2107 εἶναι
1126 2095 1140 2123 ,
1179 2052 1382 2121 ἐάνπερ
1412 2051 1547 2123 μετὰ
1582 2058 1783 2124 μορίου

107 2135 300 2207 ἀρετῆς
318 2135 642 2206 πράττηται,
675 2133 859 2204 ὥσπερ
877 2132 1107 2205 εἰρηκώς
1126 2132 1158 2189 ὅ
1177 2156 1227 2189 τι
1247 2132 1413 2206 ἀρετή
1434 2135 1546 2189 ἐστι
1563 2131 1623 2189 τὸ
1646 2131 1781 2190 ὅλον
1812 2149 1844 2192 G

108 2221 198 2275 καὶ
223 2219 329 2290 ἤδη
360 2220 721 2288 γνωσομένου
759 2218 923 2288 ἐμοῦ,
961 2217 1052 2272 καὶ
1090 2215 1188 2271 ἐὰν
1217 2212 1287 2271 σὺ
1323 2219 1782 2288 κατακερματίζῃς

108 2299 283 2370 αὐτὴν
302 2297 440 2354 κατὰ
463 2299 643 2369 μόρια.
685 2301 856 2354 δεῖται
876 2291 982 2353 οὖν
1001 2314 1090 2353 σοι
1108 2298 1275 2352 πάλιν
1294 2299 1346 2362 ἐξ
1370 2294 1554 2368 ἀρχῆς,
1572 2294 1645 2361 ὥς
1665 2298 1783 2367 ἐμοὶ

0 2375 14 2429 ζ*
107 2385 285 2450 δοκεῖ,
322 2386 416 2450 τῆς
451 2377 620 2450 αὐτῆς
658 2379 1003 2450 ἐρωτήσεως,
1046 2372 1089 2434 ὦ
1119 2382 1245 2449 φίλε
1267 2379 1507 2445 Μένων,
1545 2381 1601 2431 τί
1633 2379 1783 2432 ἐστιν

106 2463 271 2535 α’ρετή
285 2505 300 2534 ,
337 2467 388 2518 εἰ
403 2459 535 2533 μετά
558 2466 758 2532 μορίου
778 2458 975 2532 ἀρετῆς
1004 2468 1154 2516 πᾶσα
1178 2463 1370 2528 πρᾶξις
1399 2456 1562 2530 ἀρετὴ
1585 2453 1657 2514 ἂν
1675 2466 1782 2530 είη;

105 2551 267 2600 τοῦτο
287 2543 393 2614 γάρ
413 2546 526 2599 ἐστι
547 2546 755 2613 λέγειν,
786 2541 923 2598 ὅταν
942 2544 1072 2614 λέγῃ
1092 2564 1189 2612 τις,
1211 2539 1297 2596 ὅτι
1318 2546 1466 2595 πᾶσα
1487 2537 1520 2611 ἡ
1540 2538 1675 2610 μετὰ
1697 2544 1781 2595 δι-

2 2631 18 2646 ”
108 2628 407 2699 καιοσύνης
424 2628 618 2696 πρᾶξις
637 2624 803 2697 ἀρετή
824 2628 987 2680 ἐστιν.
1040 2621 1078 2696 ἦ
1097 2622 1166 2680 ού
1197 2627 1351 2679 δοκεῖ
1368 2640 1455 2678 σοι
1484 2622 1651 2678 πάλιν
1671 2626 1783 2678 δεῖ·

9 2726 15 2732 ·
107 2716 242 2763 σθαι
258 2714 354 2780 τῆς
373 2706 542 2778 αὐτῆς
571 2708 913 2779 ἐρωτήσεως,
944 2705 1059 2763 ἀλλ’
1080 2714 1181 2762 οἴει
1212 2704 1333 2762 τινὰ
1356 2707 1560 2761 εἰδέναι
1584 2704 1783 2775 μόριον
1815 2772 1831 2782 ἐ

105 2786 302 2861 ἀρετῆς
318 2787 350 2844 ὃ
369 2811 422 2844 τι
440 2792 616 2860 ἔστιν,
640 2786 818 2860 αὐτὴν
836 2787 908 2860 μὴ
932 2792 1147 2856 εἰδοτα,
