2020 3094
53 126 107 168 15
618 115 1164 165 ΕΤΘΤΔΗΜΟΣ.
1625 108 1727 161 103

50 272 191 319 των,
232 248 502 322 δεόμενον
521 250 612 305 καὶ
632 249 950 305 ίκετεύοντα
977 252 1176 319 σοφίας
1204 245 1587 318 μεταδιδόναι,
1627 242 1729 299 ού-

50 334 146 389 δὲν
177 333 435 404 αἰσχρόν,
476 354 518 387 ω
542 337 795 401 Κλεινία,
833 329 965 386 οὐδὲ
994 326 1298 402 νεμεσητὸν
1326 329 1526 385 ἕνεκα
1523 323 1728 383 ῖυύτου

51 413 346 486 ὑπηρετεῖν
369 417 460 471 καὶ
481 413 770 470 δουλεύειν
787 414 878 469 καὶ
896 415 1099 484 ἐραστῇ
1118 413 1209 467 καὶ
1237 411 1401 467 παντὶ
1420 408 1725 483 ἀνθρώπω,

49 494 243 552 ὁτιοῦν
273 499 539 552 ἐθέλοντα
567 494 861 567 ὑπηρετεῖν
900 501 1012 549 τῶν
1048 501 1235 549 καλῶν
1273 492 1727 565 ὑπηρετημάτων,

49 579 527 650 προθυμούμενον
556 575 739 648 σοφὸν
766 580 1056 647 γενέσθαι·
1092 572 1131 648 ἦ
1150 574 1219 631 ού
1250 579 1407 632 δοκεῖ
1436 594 1549 644 σοι,
1587 579 1730 646 ἔφην

49 662 184 733 ἐγώ,
206 660 410 729 οὔτως;
442 662 609 717 Πάνυ
627 664 730 732 μὲν
749 654 856 715 οὖν
879 653 945 715 εὖ
964 681 1058 729 μοι
1078 663 1256 724 δοκεῖς
1275 661 1485 729 λέγειν,
1515 652 1553 730 ἦ
1573 655 1625 713 δ’
1648 655 1724 723 ὅς.

50 749 124 800 Εἰ
138 748 251 798 ἔστι
271 766 360 814 γε,
384 737 429 799 ὦ
452 749 708 816 Κλεινία,
728 737 800 815 ἦν
820 741 870 798 δ’
897 742 1021 813 ἐγώ,
1042 739 1076 812 ἡ
1099 746 1268 812 σοφία
1288 740 1565 812 διδακτόν,
1588 737 1728 797 ἀλλὰ
1759 750 1792 793 G

48 825 123 900 μὴ
144 824 252 882 ἀπὸ
273 825 619 898 ταύτομάτου
637 834 1031 896 παραγίγνεται
1048 835 1160 888 τοῖς
1178 821 1514 894 ἀνθρώποις.
1563 828 1728 878 τοῦτο

50 908 159 981 γὰρ
190 908 320 981 ἡμῖν
339 910 472 966 ἒτι”
438 929 716 966 ασκεπτον
746 910 836 965 καὶ
858 906 1013 963 οὔπω
1031 907 1516 978 διωμολογημένον
1533 908 1657 977 ἐμοί
1671 926 1731 960 τε

50 995 143 1050 καὶ
162 999 262 1050 σοι’.
310 992 445 1050 Ἀλλ’
465 998 675 1065 ἔμοιγε,
714 997 847 1065 ἔφη,
886 1014 928 1047 ω
949 990 1267 1061 Σώκρατες,
1310 986 1573 1045 διδακτὸν
1593 986 1732 1043 εἶναι

54 1081 218 1132 δοκεῖ.
273 1079 364 1133 καὶ
392 1075 498 1147 ἐγω
517 1075 712 1148 ἡσθεὶς
740 1074 919 1131 εἷπον·
955 1067 1025 1129 ³H
1040 1079 1220 1137 καλως
1236 1075 1434 1142 λέγεις,
1476 1093 1518 1126 ω
1541 1069 1729 1139 ἄριστε

52 1158 307 1231 ἄνδρων,
345 1162 435 1215 καὶ
466 1180 529 1214 ευ
510 1152 804 1258 ἐποίησας
835 1155 1150 1223 ἀπαλλάξας
1177 1178 1244 1227 με
1262 1156 1505 1222 σκέψεως
1524 1159 1729 1224 πολλῆς

51 1243 176 1315 περὶ
192 1242 396 1299 τούτου
415 1241 608 1313 αὐτοῦ,
622 1242 861 1310 πότερον
881 1235 1188 1297 διδακτόν’
1160 1237 1197 1310 η“
1214 1236 1283 1294 οὐ
1305 1234 1611 1294 διδακτὸν
1583 1259 1617 1308 η
1631 1253 1727 1291 σο·-

50 1330 167 1396 φία.
206 1332 315 1380 νῦν
333 1318 438 1380 οὖν
458 1324 646 1397 ἐπειδή
658 1343 746 1380 σοι
757 1326 848 1380 καὶ
869 1321 1130 1380 διδακτὸν
1146 1322 1401 1378 δοκεῖκαὶ
1419 1320 1596 1392 μόνον
1615 1323 1730 1375 τῶν

53 1406 233 1465 ὄντων
253 1405 556 1479 εὐδαίμονα
576 1410 666 1463 καὶ
682 1406 883 1478 εὐτυχῆ
903 1417 1083 1462 ποιεῖν
1101 1402 1201 1461 τὸν
1221 1403 1559 1474 ἄνθρωπον,
1590 1402 1727 1459 ἄλλο
1762 1418 1796 1460 Β

50 1511 103 1545 τι
131 1485 168 1562 ἦ
197 1497 374 1591 φαίης
393 1514 467 1547 αν
494 1489 800 1562 ἀναγκαῖον
834 1489 973 1546 εἶναι
1005 1496 1334 1560 φιλοσοφεῖν
1362 1489 1455 1544 καὶ
1483 1482 1651 1551 αὐτὸς
1670 1488 1731 1541 έν

51 1594 132 1648 νω
151 1577 287 1646 ἔχεις
305 1571 439 1630 αὐτὸ
461 1586 667 1642 ποιεῖν;
713 1574 878 1629 Πάνυ
897 1576 997 1644 μὲν
1018 1566 1149 1642 οὖν,
1189 1575 1321 1642 ἔφη,
1350 1593 1392 1626 ω
1415 1569 1729 1639 Σώκρατες,

56 1653 130 1722 ὥς
159 1653 356 1713 οἷόντε
384 1656 635 1728 μάλιστα.
686 1653 837 1726 κάγω
868 1661 1042 1710 ταῦτα
1072 1653 1310 1725 ασμενος
1337 1651 1610 1721 ἀκούσας,
1652 1647 1728 1706 Τὸ

53 1740 157 1812 μὲν
174 1741 338 1811 ἐμόν,
358 1744 530 1812 ἔφην,
551 1740 925 1810 παράδειγμα,
948 1761 990 1793 ω
972 1732 1412 1805 τΔιονυσόδωρέ
1426 1757 1484 1791 τε
1503 1736 1595 1791 καὶ
1613 1731 1732 1789 Εὐ-

53 1821 302 1894 θυδημε,
326 1825 461 1878 οἴων
488 1824 746 1893 ἐπιθνμω
776 1844 888 1877 των
920 1824 1339 1892 προτρεπτικῶν
1366 1817 1554 1889 λόγων
1571 1815 1728 1885 εἶναι,

58 1910 336 1974 τοιοῦτον,
374 1903 655 1960 ἰδιωτικὸν
675 1912 806 1969 ἴσως
823 1907 914 1959 καὶ
944 1903 1103 1975 μόλις
1135 1901 1224 1958 διὰ
1249 1906 1480 1973 μακρῶν
1499 1898 1732 1970 λεγόμε-

50 2008 182 2043 νον·
226 1993 389 2060 σφῷν
418 1989 478 2042 δὲ
506 1985 771 2057 ὁπότερος
805 1987 1090 2059 βούλεται,
1130 1983 1337 2041 ταύτὸν
1372 1989 1537 2039 τοῦτο
1569 1986 1732 2054 τέχνῃ

54 2068 312 2138 πράττων
347 2069 666 2136 ἐπιδειξάτω
700 2068 848 2141 ἡμῖν.
907 2075 958 2126 εἰ
992 2071 1051 2125 δὲ
1085 2069 1159 2140 μὴ
1197 2075 1362 2123 τοῦτο
1394 2065 1729 2138 βούλεσθον,

55 2149 199 2207 ὅθεν
216 2150 323 2221 ἐγώ
345 2151 632 2222 ἀπέλιπον,
645 2151 707 2208 τὸ
726 2156 847 2225 ἑξῆς
865 2156 1201 2218 ἐπιδείξατον
1220 2158 1299 2224 τῷ
1319 2155 1602 2223 μειρακίῳ,
1624 2146 1731 2204 πό-
1759 2163 1794 2204 Ε

52 2254 218 2305 τερον
237 2239 424 2289 πᾶσαν
443 2235 746 2306 ἐπιστήμην
766 2240 851 2291 δεῖ
866 2233 1039 2291 αὐτὸν
1058 2241 1316 2302 κτᾶσθαι,
1332 2229 1370 2305 ἢ
1389 2237 1501 2288 ἔστι
1517 2254 1596 2297 τις
1614 2237 1729 2303 μία,

50 2312 124 2387 ἢν
154 2318 242 2371 δεῖ
263 2314 505 2387 λαβόντα
536 2314 892 2387 εὐδαιμονεῖν
914 2338 970 2372 τε
1000 2318 1091 2372 καὶ
1122 2313 1345 2386 ἀγαθὸν
1372 2312 1551 2384 ἄνδρα
1571 2313 1729 2384 εἶναι,

51 2398 144 2455 καὶ
162 2402 243 2463 τίς
261 2395 416 2469 αὕτη.
457 2395 529 2463 ὡς
547 2396 653 2468 γὰρ
673 2402 865 2470 ἔλεγον
882 2397 1202 2470 ἀρχόμενος,
1223 2401 1347 2470 περὶ
1366 2403 1580 2454 πολλοῦ
1599 2394 1734 2469 ἡμῖν

51 2479 309 2551 τυγχάνει
328 2478 413 2547 ὅν,
449 2480 612 2535 τόνδε
646 2479 745 2536 τὸν
774 2486 1069 2537 νεανίσκον
1098 2480 1279 2552 σοφόν
1306 2503 1365 2537 τε
1395 2483 1484 2537 καὶ
1506 2478 1730 2551 ἀγαθὸν

51 2566 327 2636 γενέσθαι.

194 2651 289 2707 xl.
351 2644 484 2718 Ἐγώ
517 2646 620 2717 μὲν
649 2640 754 2701 οὖν
784 2654 955 2702 ταῦτα
985 2646 1166 2715 εἶπον,
1202 2641 1514 2719 αἷΚρίτων·
1556 2651 1631 2718 τῷ
1670 2647 1728 2703 δὲ
1759 2654 1848 2701 283

19 2757 27 2800 2
52 2726 190 2799 μετὰ
219 2736 383 2786 τοῦτο
414 2731 659 2804 ἐσομένῳ
688 2729 841 2786 πάνυ
870 2729 1090 2801 σφόδρα
1121 2741 1414 2804 προσεῖχον
1442 2729 1540 2786 τὸν
1570 2734 1730 2799 νοῦν,

18 2811 25 2863 ἐ
53 2813 144 2868 καὶ
163 2811 537 2886 ἐπεσκόπουν,
560 2820 682 2870 τίνα
703 2812 832 2869 ποτὲ
852 2812 1061 2885 τρόπον
1080 2811 1310 2880 ἅψοιντο
1330 2819 1433 2869 τοῦ
1453 2812 1623 2879 λόγου
1642 2813 1732 2870 καὶ
