1962 3112
249 111 352 164 228
906 114 1079 161 HAA
1098 112 1383 162 ΤΩΝΟΣ
1867 122 1924 166 30

393 251 514 302 Σῼ.
567 247 674 302 Καὶ
693 245 798 316 γὰρ
818 251 926 300 νῦν
942 243 1212 315 ὁμολογῶ.

395 334 570 387 ΠΩΛ.
631 327 751 383 Οὐκ
782 321 889 382 οὖν
908 334 1170 384 ποιοῦσιν
1191 327 1227 383 ὁὶ
1250 330 1578 400 βούλονται;

391 415 515 466 ΣΩ.
575 408 660 464 Οὔ
680 431 834 479 φημι.

398 497 574 547 ΠΩΛ.
628 497 930 556 Ποιοῦντες
950 491 1007 547 δὲ
1029 488 1065 546 ἃ
1083 495 1239 550 δοκεῖ
1252 493 1464 561 αὐτοῖς;

394 580 518 630 ΣΩ.
573 579 734 645 Φημί.

394 662 570 711 ΠΩΛ.
628 658 860 726 Σχέτλια
879 659 1050 726 λέγεις
1069 659 1160 713 καὶ
1179 655 1438 730 ὑπερφυῆ
1454 703 1469 731 ,
1493 654 1538 715 ὦ
1560 661 1865 733 Σώκρατες.

396 744 519 794 ΣΩ.
574 738 676 807 Μὴ
700 738 1018 809 κατηγόρει,
1058 733 1103 793 οἷ
1121 746 1293 814 λῷστε
1311 747 1500 813 Πῶλε,
1536 747 1628 799 ἵνα
1646 751 1924 814 προσείπω

196 835 226 876 e
257 838 317 877 σε
332 820 468 877 κατὰ
501 823 565 876 σε’
579 841 589 851 ·
635 818 755 875 ἀλλ’
790 825 842 876 εἰ
867 823 970 891 μὲν
997 826 1131 891 ἔχεις
1158 823 1250 894 ἐμὲ
1280 825 1509 896 ἐρωτᾷν,
1549 826 1813 893 ἐπίδειξον
1843 826 1926 883 ὅτι

256 905 531 975 ψεύδομαι
544 946 558 973 ,
581 908 632 959 εἰ
649 904 709 960 δὲ
727 904 801 975 μή
816 946 829 973 ,
849 902 1017 970 αὐτὸς
1036 903 1358 974 ἀποκρίνου.

392 992 572 1042 ΠΩΛ.
626 982 769 1042 Ἀλλ’
802 989 976 1042 ἐθέλω
1006 984 1409 1055 ἀποκρίνεσθαι
1423 1030 1436 1055 ,
1459 990 1551 1042 ἵνα
1570 991 1660 1045 καὶ
1680 994 1809 1045 εἰδῶ
1828 989 1859 1046 ὅ
1876 1013 1922 1046 τι

254 1075 441 1141 λέγεις.

392 1158 571 1207 XXIII.
644 1157 766 1206 Σῼ.
823 1152 1072 1221 Πότερον
1101 1144 1207 1205 οὖν
1227 1167 1313 1205 σοι
1337 1154 1599 1207 δοκοῦσιν
1628 1156 1683 1208 οἶ
1697 1153 1923 1223 ἅνθρω-

251 1255 348 1291 ποι
363 1240 528 1289 τοῦτο
547 1234 872 1304 βούλεσθαι,
895 1231 925 1287 ὃ
943 1229 1015 1288 ἄν
1034 1233 1346 1302 πράττωσιν
1367 1232 1646 1305 ἑκάστοτε,
1667 1233 1703 1305 ἢ
1731 1237 1924 1307 ἐκεῖνο,

258 1309 329 1371 οὗ
345 1318 507 1371 ἕνεκα
527 1315 828 1385 πράττουσι
846 1312 1013 1370 τοῦθ’
1038 1313 1071 1370 ὃ
1088 1314 1451 1384 πράττουσιν;
1483 1311 1602 1371 οἷον
1622 1319 1679 1371 οἱ
1693 1315 1757 1370 τὰ
1778 1315 1926 1386 φάρ-

256 1420 403 1468 μακα
435 1403 689 1462 πίνοντες
718 1396 866 1468 παρὰ
905 1403 1017 1452 τῶν
1058 1402 1263 1466 ἰατρῶν
1299 1397 1537 1466 πότερόν
1574 1414 1661 1452 σοι
1698 1400 1926 1452 δοκοῦσι

253 1484 416 1534 τοῦτο
441 1479 773 1550 βούλεσθαι,
795 1476 930 1549 ὅπερ
954 1484 1200 1546 ποιοῦσι,
1243 1482 1423 1533 πίνειν
1442 1478 1502 1533 τό
1525 1478 1820 1548 φάρμακον
1839 1480 1927 1535 καὶ

255 1560 471 1633 ἀλγεῖν,
492 1558 528 1632 ἦ
548 1563 722 1617 ἐκεῖνο
737 1603 752 1631 ,
772 1559 833 1615 τὸ
856 1557 1153 1630 ὑγιαίνειν,
1177 1551 1248 1614 οὗ
1267 1560 1428 1615 ἕνεκα
1448 1567 1732 1625 πίνουσιν;

196 1651 229 1694 D
397 1649 573 1698 ΠΩΛ.
632 1648 823 1713 Δῆλον
852 1639 935 1697 ὅτι
964 1640 1024 1697 τὸ
1058 1639 1327 1711 ὑγιαινειν
1347 1633 1474 1710 [οὗ’
1452 1645 1614 1697 ε’νεκα
1635 1647 1926 1713 πίνουσιν].

397 1729 520 1779 ΣΩ.
582 1721 813 1778 Οὐκοῦν
831 1724 923 1779 καὶ
953 1726 1009 1778 ol*
1026 1725 1280 1787 πλέοντές
1304 1744 1360 1777 τε
1382 1725 1473 1778 καὶ
1492 1721 1591 1779 τὸν
1609 1723 1777 1779 ἄλλον
1795 1745 1927 1795 χρη-

256 1802 527 1875 ματισμὸν
545 1805 995 1875 χρηματιζόμενοι
1017 1802 1085 1859 οὐ
1104 1804 1267 1860 τοῦτό
1297 1809 1443 1860 ἐστιν
1474 1803 1507 1860 ὁ
1534 1806 1858 1878 βούλονται,
1898 1802 1928 1862 ὃ

257 1891 515 1941 ποιοῦσιν
545 1886 826 1942 ἑκάστοτε·
864 1891 944 1950 τίς
962 1908 1070 1955 γαρ
1092 1886 1351 1957 βούλεται
1371 1894 1528 1943 πλεῖν
1548 1910 1603 1942 τε
1624 1890 1712 1943 καὶ
1732 1892 1927 1943 κινδυ-

254 1969 440 2024 νεύειν
470 1969 561 2024 καὶ
590 1967 872 2039 πράγματ’
908 1974 1078 2039 ἔχειν;
1108 1966 1232 2024 ἀλλ’
1255 1971 1459 2041 ἐκεῖνο,
1482 1968 1630 2040 οἶμαι
1639 2012 1655 2039 ,
1678 1962 1748 2025 οὗ
1766 1971 1927 2027 ἕνεκα

254 2053 508 2121 πλέουσι,
532 2058 816 2107 πλουτεῖν·
838 2053 1083 2108 πλούτου
1099 2051 1207 2123 γάρ
1228 2055 1388 2109 ἕνεκα
1408 2056 1685 2110 πλέουσιν,

393 2140 570 2191 ΠΩΛ.
627 2137 792 2191 Πάνυ
810 2159 886 2206 γε.

397 2223 522 2273 ΣΩ.
560 2217 725 2274 ’Άλλο
747 2242 799 2275 τι
819 2212 922 2275 οὖν
942 2218 1088 2275 οὕτω
1109 2221 1199 2276 καὶ
1219 2220 1339 2290 περὶ
1370 2220 1622 2290 πάντων,
1662 2219 1761 2275 ε’άν
1779 2225 1859 2285 τίς
1876 2243 1923 2275 τι

251 2298 464 2372 πράττῃ
484 2299 648 2356 ἕνεκά
669 2321 796 2372 του,
836 2323 905 2356 ου
939 2307 1102 2357 τοῦτο
1130 2300 1415 2374 βούλεται,
1453 2298 1483 2358 ὃ
1511 2302 1762 2372 πράττει,
1803 2299 1923 2357 ἀλλ’

250 2383 453 2451 ἐκεῖνο,
492 2373 564 2436 οὗ
582 2382 745 2437 ἕνεκα
766 2383 1016 2452 πράττεις

192 2468 226 2508 Ε
392 2469 570 2519 ΠΩΛ.
628 2470 754 2520 Ναί.

395 2549 518 2600 ΣΩ.
571 2538 679 2614 ’Ap'
701 2539 807 2602 οὖν
824 2549 936 2602 ἔστι
954 2569 1005 2602 τι
1020 2554 1135 2602 τῶν
1156 2545 1353 2616 ὄντων,
1374 2544 1405 2603 ὂ
1421 2542 1543 2617 οὐχὶ
1563 2543 1684 2617 ἤτοι
1702 2541 1924 2616 ἀγαθόν

252 2622 304 2693 γ’
336 2626 484 2680 ἐστὶν
519 2622 557 2695 ἦ
597 2626 772 2683 κακὸν
807 2625 844 2699 ἦ
879 2627 1080 2699 μεταξὺ
1118 2630 1333 2684 τούτων
1368 2626 1498 2683 οὔτε
1538 2624 1760 2697 ἀγαθὸν
1795 2625 1924 2684 οὔτε

251 2703 451 2769 κακόν;

390 2792 569 2842 ΠΩΛ.
625 2790 814 2861 Πολλὴ
842 2787 1084 2862 ἀνάγκη,
1107 2784 1153 2846 ὦ
1172 2792 1476 2861 Σώκρατες.
