1962 3112
142 115 223 160 129
715 87 723 90 “
808 104 1138 156 ΜΕΝΩΝ.
1704 99 1840 155 327·

277 246 400 299 ΣΩ.
434 237 667 297 Οὐκοῦν
685 246 854 312 δῆλον
873 238 958 296 ὅτι
976 232 1132 295 οὗτοι
1149 238 1252 310 μὲν
1268 236 1338 295 οὐ
1350 243 1464 294 τῶν
1483 243 1670 293 κακῶν
1691 239 1810 295 ἐπι-

137 332 445 397 θυμοῦσιν,
484 326 542 380 οἱ
563 320 899 394 ἀγνοοῦντες
919 319 1088 394 αὐτά,
1129 320 1269 378 ἀλλά
1288 324 1545 393 ἐκείνων,
1576 318 1612 376 ἃ
1631 319 1807 396 ᾤοντο

135 405 321 478 ἀγαθὰ
346 405 511 476 εἶναι,
550 410 663 461 ἔστι
683 405 742 462 δὲ
760 403 933 460 ταῦτά
951 426 1013 474 γε
1032 404 1174 460 κακά
1190 426 1201 437 ·
1240 404 1380 461 ὥστε
1401 407 1457 461 οἱ
1471 402 1806 475 ἀγνοοῦντες
1836 410 1870 454 Ε

134 487 276 544 αὐτοὶ
312 491 403 544 καὶ
432 488 677 559 οἰόμενοι
706 485 894 558 ἀγαθά
926 485 1064 542 εἶναι
1092 491 1265 559 δῆλον
1302 484 1386 543 ὅτι
1421 495 1536 544 τῶν
1573 485 1807 559 ἀγαθῶν

131 573 519 643 ἐπιθυμοῦσιν.
539 566 576 642 ἦ
596 569 694 635 οὕ;

273 660 459 711 ΜΕΝ.
516 651 963 710 Κινδυνεύουσιν
982 645 1141 709 οὗτοί
1154 675 1233 725 γε.

274 741 397 792 ΣΩ.
463 741 533 791 Τί
555 739 652 791 δαί
657 759 674 803 ;
711 739 767 792 οἱ
789 742 904 792 τῶν
933 742 1122 792 κακῶν
1149 738 1252 807 μὲν
1280 737 1712 806 ἐπιθυμοῦντες,
1736 734 1810 801 ῶς

132 817 243 892 φῂς
274 819 373 889 σύ,
416 816 718 890 ἡγούμενοι
747 817 807 874 δὲ
835 817 901 874 τὰ
930 817 1072 875 κακοὶ
1101 819 1369 891 βλάπτειν
1390 821 1631 890 ἐκεῖνον,
1666 811 1709 894 ᾦ
1736 815 1809 875 ἀν

130 907 396 972 γίγνηται,
417 901 789 973 γιγνώσκουσι
802 901 981 973 δήπου
1001 900 1084 957 ὅτι
1099 902 1471 975 βλαβήσονται
1483 897 1573 958 ὑπ’
1592 899 1808 970 αὐτῶν,

274 989 455 1039 ΜΕΝ.
504 982 756 1056 Ἀνάγκη.

273 1071 397 1122 Σῼ.
448 1064 608 1122 Ἀλλά
643 1066 774 1133 τοῦς
809 1070 1223 1140 βλαπτομένους
1259 1061 1417 1123 οὗτοι
1452 1066 1556 1124 οὐκ
1598 1074 1810 1123 οἴονται
1835 1075 1892 1122 78

130 1145 365 1214 ἀθλίους
384 1148 524 1205 εἶναι
542 1147 676 1206 καθ’
700 1149 836 1206 ὅσον
853 1151 1218 1223 βλάπτονται;

274 1236 459 1287 ΜΕΝ.
517 1232 626 1287 Καὶ
645 1239 806 1287 τοῦτο
827 1231 1057 1304 ἀνάγκη.

272 1320 393 1370 ΣΩ.
456 1313 600 1379 Τούς
619 1315 677 1371 δὲ
697 1314 931 1380 ἀθλίους
951 1314 1019 1371 οὐ
1039 1319 1471 1388 κακοδαίμονας;

273 1403 459 1453 ΜΕΝ.
518 1396 684 1469 Οἶμαι
703 1402 887 1468 ἔγωγε.

274 1485 395 1535 ΣΩ.
436 1478 622 1535 Ἔστιν
642 1474 748 1536 οὖν
768 1479 917 1546 ὅστις
934 1479 1193 1551 βούλεται
1220 1479 1417 1547 ἅθλιος
1434 1483 1526 1539 καὶ
1544 1485 1809 1540 κακοδαί-

130 1584 252 1633 μων
275 1561 442 1630 εἶναι;
1159 1611 1162 1614 .

269 1652 455 1701 ΜΕΝ.
509 1644 596 1702 Οὕ
612 1667 701 1716 μοι
724 1649 897 1715 δοκεῖ,
923 1639 966 1700 ὦ
987 1645 1293 1716 Σώκρατες.

272 1734 394 1784 ΣΩ.
438 1727 558 1784 Οὔκ
587 1728 696 1798 ἄρα
714 1728 990 1800 βούλεται,
1014 1723 1058 1784 ῶ
1077 1733 1316 1800 Μένων,
1355 1729 1421 1784 τὰ
1440 1727 1583 1785 κακὰ
1604 1726 1806 1804 οὐδείς,

130 1818 281 1882 εἰπερ
296 1810 369 1882 μὴ
388 1812 647 1882 βούλεται
662 1816 910 1876 τοιοῦτος
927 1810 1080 1867 εἶναι.
1103 1817 1159 1867 τί
1169 1811 1274 1882 γὰρ
1292 1811 1425 1868 ἄλλο
1440 1814 1588 1869 ἐστὶν
1603 1810 1807 1869 ἄθλιον

129 1891 286 1964 εἶναι,
307 1889 343 1964 ἦ
361 1895 653 1964 ἐπιθυμεῖν
673 1914 729 1948 τε
747 1900 859 1948 τῶν
878 1902 1068 1950 κακῶν
1087 1897 1178 1951 καὶ
1197 1901 1464 1964 κτᾶσθαι;

273 1982 460 2032 ΜΕΝ.
511 1977 872 2041 Κινδυνεύεις
892 1975 1075 2050 ἀληθῆ
1095 1981 1290 2049 λέγειν,
1311 1971 1356 2033 ῶ
1374 1977 1669 2047 Σώκρατες
1683 1998 1694 2010 ·
1714 1980 1805 2035 καὶ
1838 1989 1867 2030 Β

132 2056 314 2124 οὐδεὶς
333 2060 639 2130 βούλεσθαι
657 2057 723 2114 τά
744 2058 901 2114 κακά.

272 2146 354 2198 xl.
429 2146 552 2196 ΣΩ.
617 2139 847 2196 Οὐκοῦν
866 2148 974 2197 νῦν
993 2140 1059 2213 δὴ
1080 2146 1289 2214 ἔλεγες,
1313 2142 1397 2199 ὅτι
1417 2147 1564 2199 ἔστιν
1582 2141 1616 2216 ἡ
1638 2141 1803 2217 ἀρετὴ

131 2222 439 2294 βούλεσθαί
458 2244 514 2278 τε
534 2220 751 2293 τάγαθὰ
774 2225 863 2279 καὶ
890 2224 1198 2292 δύνασθαι;

269 2311 452 2361 ΜΕΝ.
509 2303 685 2360 Εἶπον
702 2305 824 2376 γάρ.

274 2395 396 2443 Σῼ.
458 2386 688 2443 Οὐκοῦν
716 2388 919 2444 τούτου
948 2392 1238 2459 λεχθέντος
1264 2388 1325 2445 τὸ
1356 2391 1459 2461 μὲν
1498 2390 1806 2461 βούλεσθαι

132 2477 302 2526 πᾶσιν
331 2468 591 2540 ὑπάρχει,
630 2473 718 2527 καὶ
749 2471 922 2544 ταύτῃ
950 2494 1012 2542 γε
1044 2471 1211 2527 οὐδὲν
1240 2469 1268 2529 ὁ
1292 2473 1472 2541 ἕτερος
1491 2479 1594 2528 τοῦ
1615 2473 1807 2543 ἑτέρου

130 2558 386 2623 βελτι’ων;

272 2642 457 2692 ΜΕΝ.
514 2640 788 2692 Φαίνεται.

275 2724 397 2775 ΣΩ.
452 2717 609 2775 Ἀλλά
632 2723 803 2789 δῆλον
828 2717 939 2790 ὅτι,
966 2727 1116 2788 εἴπερ
1135 2720 1245 2777 ἐστὶ
1266 2725 1498 2791 βελτίων
1518 2720 1685 2786 ἄλλος
1704 2719 1806 2775 ἄλ-

134 2805 262 2869 λον,
284 2800 417 2855 κατὰ
440 2802 499 2856 td
521 2802 800 2856 δύνασθαι
822 2797 892 2857 ἄν
913 2809 992 2872 εἴη
1013 2800 1268 2874 ἀμείνων.
