1962 3112
316 88 415 140 164
910 107 1385 164 ΠΛΑΤΩΝΟΣ

311 224 490 293 μόνον
509 229 763 287 ἐναντίον
783 233 922 292 εἶναι
935 280 950 309 ,
971 236 1007 310 ἦ
1027 243 1241 301 ἐκεῖνον
1257 250 1317 303 ἐν
1337 243 1386 323 φ’
1403 255 1612 325 ἐλέγετο
1634 260 1822 329 ἔτέρον
1848 263 1946 320 εἶν(

311 311 680 383 σωφροσύνης
700 322 894 390 σοφία,
917 322 1115 393 μόριον
1140 328 1199 383 δὲ
1221 330 1484 404 ἑκάτερον
1502 336 1712 412 ἀρετῆς,
1735 347 1825 399 καὶ
1844 345 1946 418 πρὸ

368 395 387 405 υ
412 391 436 409 ΡΙ
976 403 987 419 Ι

308 410 381 460 τω
405 412 595 462 ετερον
615 394 755 452 εἶναι
775 403 867 456 καὶ
885 401 1120 475 ἀνομοια
1139 413 1229 464 καὶ
1248 411 1389 469 αὐτὰ
1408 419 1499 473 καὶ
1518 424 1577 475 αί
1592 424 1855 496 δυνάμεις
1876 428 1947 484 αὖ

474 471 500 488 0
706 477 718 495 x
1042 488 1054 503 ,
1719 500 1738 508 -

301 716 504 786 λη’λοις.
552 729 668 787 πῶς
696 723 802 796 γὰρ
824 724 895 782 σ’ἱν
917 733 1240 812 συνάδοιεν,

243 803 272 844 Β
300 799 362 851 ἓν
379 800 556 869 μόνον
576 806 829 864 ἐναντίον
851 810 987 868 εἶναι
1000 858 1014 886 ,
1055 825 1266 878 πλείοσι
1288 827 1346 881 δὲ
1368 829 1471 900 μή,
1512 838 1577 905 τῇ
1598 837 1656 889 δὲ
1675 834 1949 917 ἀφροσύνῃ4

293 879 374 935 ἑνὶ
406 879 527 938 ὄντι
563 894 730 957 σοφία
765 894 985 951 ἐναντία
1023 903 1114 957 καὶ
1144 910 1479 984 σωφροσύνη
1512 909 1586 970 αὖ
1609 925 1884 987 φαίνεται·
1931 949 1949 980 τ

289 962 415 1034 γάρ,
440 958 485 1018 ὦ
502 971 863 1044 Πρωταγόρα,
888 980 1028 1049 ἔφην
1046 984 1154 1052 ε’γεό
1165 1028 1180 1055 ,
1200 983 1239 1058 ἦ
1258 988 1435 1057 ἄλλως
1454 1014 1568 1061 πως
1578 1021 1594 1064 3
1625 997 1949 1078 Ὡμολόγησι

288 1044 380 1098 καὶ
398 1044 519 1114 μάλ’
544 1047 801 1119 ἀκόντως.
861 1058 1087 1119 Οὐκοῦν
1107 1069 1170 1122 ἓν
1187 1065 1260 1124 ἀν
1281 1081 1363 1143 εἴη
1393 1073 1426 1145 ἡ
1457 1084 1796 1155 σωφροσύνη
1818 1090 1905 1144 καὶ
1926 1091 1949 1161 τ]

287 1132 483 1196 σοφίας
533 1130 593 1187 τὸ
628 1134 686 1189 δὲ
719 1138 991 1210 πρότερον
1021 1141 1096 1201 αὖ
1113 1150 1292 1223 ἐφάνη
1322 1151 1454 1226 ἡμῖν
1473 1156 1505 1230 ἡ
1527 1164 1848 1241 δικαιοσύνη
1870 1174 1950 1229 καὶ

283 1204 316 1276 ἡ
356 1206 574 1283 ὁσιότης
610 1219 806 1285 σχεδόν
843 1244 894 1277 τι
930 1227 1136 1285 ταύτὸν
1173 1232 1255 1289 ὅν.
1318 1246 1402 1294 ῖθι
1421 1243 1517 1312 δή,
1560 1239 1629 1317 ἧν
1661 1247 1712 1302 δ’
1738 1253 1871 1324 ἐγώ,
1912 1248 1949 1310 ὦ

281 1295 646 1368 Πρωταγόρα,
668 1299 741 1372 μή
763 1299 1167 1386 ἀποκάμωμεν,
1191 1315 1329 1375 ἀλλά
1350 1326 1441 1378 καὶ
1461 1324 1528 1380 τὰ
1548 1331 1712 1386 λοιποὶ
1733 1337 1949 1392 διασκε-

281 1374 531 1445 ψώμεθα.
574 1372 682 1451 ἀρά
699 1389 777 1449 τίς
799 1402 886 1442 σοι
904 1393 1058 1450 δοκεῖ
1071 1394 1281 1455 ἀδικῶν
1298 1401 1599 1476 ἄνθρωπος
1619 1430 1946 1492 σωφρονεῖν,

221 1466 251 1506 G
279 1453 362 1510 ὅτι
399 1457 598 1526 ἀδικεῖς
654 1471 1036 1546 Αίσχυνοίμην
1071 1474 1143 1534 ἄν
1174 1482 1346 1555 ἔγωγ’,
1385 1492 1520 1562 ἔφη,
1561 1487 1607 1546 οῗ
1635 1496 1946 1572 Σώκρατες,

276 1545 438 1595 τοῦτο
469 1539 784 1621 ὁμολογεῖν,
828 1555 943 1611 ἐπεὶ
973 1567 1173 1619 πολλοί
1194 1573 1258 1636 γε’
1285 1587 1421 1638 φασι
1457 1580 1569 1629 τῶν
1609 1573 1943 1648 ἀνθρώπων.

273 1620 525 1692 Πότερον
547 1622 653 1682 οὖν
673 1631 811 1702 πρὸς
830 1637 1074 1707 ἐκείνους
1100 1647 1199 1701 τὸν
1217 1649 1388 1720 λόγον
1416 1656 1741 1732 ποιήσομαι,
1781 1668 1935 1738 ἔφην,

271 1696 307 1771 ἦ
347 1703 484 1773 πρὸς
521 1711 605 1774 σε’;
657 1717 731 1768 Εἰ
761 1718 980 1791 βούλει,
1019 1729 1151 1799 ἔφη,
1190 1730 1327 1802 πρὸς
1365 1743 1565 1795 τοῦτον
1594 1751 1813 1812 πρῶτον
1842 1747 1936 1804 τὸν

269 1783 442 1853 λόγον
469 1791 782 1866 διαλέχθητι
810 1800 910 1856 τὸν
939 1813 1052 1862 τῶν
1070 1817 1307 1869 πολλῶν.
1369 1815 1502 1876 Ἀλλ’
1577 1820 1590 1840 ’
1649 1829 1660 1844 ’

269 1871 449 1939 φέρει,
472 1869 570 1926 ἐὰν
587 1875 767 1944 μόνον
787 1883 860 1937 σύ
877 1906 938 1954 γε
958 1886 1258 1967 ἀποκρίνῃ,

264 1970 347 2019 τα,
373 1957 479 2006 εἶτε
497 1955 587 2025 μή.
623 1958 722 2014 τὸν
741 1961 846 2032 γάρ
869 1966 1039 2038 λόγον
1059 1977 1229 2046 ἔγωγε
1248 1979 1483 2047 μάλιστα
1502 1988 1725 2056 ἐξετάζω
1738 2034 1752 2062 ,
1794 2011 1932 2067 συμ-

261 2036 443 2101 βαίνει
457 2038 645 2105 μέντοι
666 2050 795 2110 ἴσως
813 2051 905 2104 καὶ
923 2052 1015 2121 ἐμὲ
1036 2053 1137 2110 τὸν
1155 2059 1442 2127 ε’ρωτιὸντα
1460 2068 1550 2122 καὶ
1580 2068 1680 2125 τόν
1699 2070 1932 2149 ἀποκρι-

259 2114 500 2186 νόμενον
520 2123 874 2192 ἐξετάζεσθαι.

397 2206 528 2258 ΧΧΙ.
569 2204 642 2262 Τὸ
662 2208 765 2279 μὲν
783 2206 888 2268 οὖν
907 2224 1129 2287 πρῶτον
1145 2226 1533 2297 ἐκαλλωπίζετο
1553 2233 1682 2307 ἡμῖν
1704 2236 1732 2293 ὁ
1760 2246 1928 2311 Πρω-

257 2282 515 2354 ταγόρας·
564 2286 663 2345 τὸν
695 2291 802 2366 γάρ
831 2297 1002 2367 λόγον
1031 2301 1217 2375 ’ᾐτιᾶτο
1258 2313 1496 2386 δυσχερῆ
1532 2316 1694 2373 εἶναι·
1733 2326 1949 2393 ’ἔπειτω

253 2367 440 2433 μέντοι
462 2375 847 2447 συνεχώρησεν
866 2378 1279 2455 ἀποκρίνεσθαι.
1307 2390 1419 2449 Ἴθι
1438 2396 1531 2468 δή,
1554 2402 1696 2471 ἔφην
1715 2405 1823 2473 ἐγώ
1835 2449 1847 2475 ,
1871 2410 1924 2474 ἐξ
1948 2411 1949 2429 ’

253 2443 422 2520 ἀρχῆς
447 2475 541 2521 μοι
560 2454 870 2531 ἀπόκριναι.
929 2469 1161 2525 δοκοῦσί
1183 2477 1325 2539 τινές
1345 2493 1431 2532 σοι
1464 2495 1777 2551 σωφρονεῖν
1796 2486 1921 2543 ἀδι-
1948 2484 1949 2523 ³

250 2535 504 2600 κοῦντες;
531 2535 733 2610 ''Em-co,
765 2547 884 2616 ἔφη.
949 2546 1021 2603 Τὸ
1058 2553 1116 2606 δὲ
1145 2569 1456 2626 σωφρονεῖ-ν
1483 2565 1654 2632 λέγεις
1683 2562 1748 2621 εὖ
1776 2592 1919 2641 φρο·-
1948 2616 1949 2620 ,

250 2622 395 2679 νεῖν;
421 2613 580 2689 ’Έφη
647 2621 719 2679 T&
744 2624 799 2680 δ’
819 2622 886 2682 εὖ
904 2645 1134 2703 φρονεῖν
1164 2630 1229 2691 εὖ
1256 2642 1654 2718 βουλεύεσθαι,
1691 2647 1774 2705 ὅτι
1794 2650 1915 2708 ἀδι-
1947 2666 1952 2693 ³

246 2698 466 2762 κοῠσιν;
491 2696 686 2772 ”Εστω,
713 2711 830 2778 ἔφη.
869 2712 1146 2786 Πότερον,
1166 2711 1237 2788 ἦν
1258 2718 1310 2773 δ’
1331 2722 1464 2794 ἐγώ,
1489 2730 1539 2780 εἰ
1554 2721 1620 2781 εὖ
1638 2731 1909 2800 πράττου-
1942 2750 1949 2805 '3

246 2789 337 2829 σιν
364 2775 687 2850 ἀδικοῦντες
717 2783 753 2860 ἢ
783 2795 831 2845 εἰ
867 2802 1073 2864 κακῶς;
1113 2804 1185 2855 Ec
1219 2795 1296 2856 εὖ.
1354 2807 1544 2876 Λέγεις
1580 2805 1685 2867 οὖν
1721 2811 1907 2885 ἀγαθὰ
1947 2844 1949 2896 !

1281 751 1432 817 εἴπερ
1452 770 1514 817 γε
1534 748 1748 825 ἀνάγκη
1772 757 1851 813 ἑνὶ
1871 752 1949 829 ab&

193 2211 225 2250 D
