1962 3112
203 99 308 155 214
804 103 1278 153 ΠΛΑΤΩΝΟΣ
1519 122 1522 123 ’
1822 117 1874 160 15

90 249 174 294 457
203 258 315 307 τας,
336 233 648 307 άμυνομένο
657 258 734 307 υς,
754 236 827 307 μὴ
847 233 1196 306 ὑπάρχοντας
1260 239 1318 293 οἰ
1334 237 1392 294 δὲ
1410 242 1876 310 μεταστρέψαντες

204 324 443 389 χρῶνται
461 325 529 391 τῇ
553 319 703 388 ἰσχύϊ
719 320 810 374 καὶ
831 324 900 390 τῇ
928 321 1090 388 τέχνῃ
1118 315 1222 373 οὐκ
1244 316 1447 389 ὀρθῶς.
1487 318 1699 375 οὔκουν
1718 324 1776 376 oc
1791 325 1875 377 δι-

205 401 466 466 δάξαντες
495 405 757 471 πονηροί,
792 399 924 456 οὐδὲ
948 398 982 470 ἡ
1006 404 1163 470 τέχνη
1194 400 1322 456 οὔτε
1349 406 1491 457 αἰτία
1511 401 1637 458 οὔτε
1657 401 1875 474 πονηρὰ

205 482 408 538 τούτου
428 482 589 538 ἕνεκά
611 485 785 553 ἐστιν,
823 480 936 538 ἀλλ’
955 486 1012 537 οἱ
1025 481 1098 553 μὴ
1119 483 1422 554 χρεόμενοι,
1458 479 1632 555 οἶμαι,
1672 482 1874 554 ὀρθῶς.

204 563 232 619 6
265 563 430 630 αὐτὸς
461 563 527 635 δὴ
556 567 721 634 λόγος
747 566 838 621 καὶ
868 567 992 633 περὶ
1026 570 1121 636 τῆς
1156 568 1459 637 ῥητορικῆς.
1516 566 1749 631 δυνατὸς
1776 569 1876 637 μὲν

203 645 309 717 γὰρ
331 644 472 717 πρὸς
493 645 740 712 ἅπαντάς
759 644 952 703 ἐστινὸ
985 648 1168 719 ῥήτωρ
1190 651 1281 704 καὶ
1313 651 1435 718 περὶ
1455 649 1660 714 παντὸς
1677 651 1874 719 λέγειν,

207 728 346 784 ὥστε
376 729 759 797 πιθανώτερος
789 728 929 784 εἶναι
958 732 1020 784 ἐν
1045 742 1158 795 τοῖς
1185 731 1462 800 πλήθεσιν
1488 735 1734 802 ἔμβραχυ
1754 733 1876 802 περὶ

144 827 175 865 Β
206 810 340 867 ὅτου
370 809 442 866 ἂν
469 813 758 883 βούληται·
814 810 928 867 ἄλλ’
950 810 1117 867 οὐδέν
1152 835 1203 867 τι
1241 819 1453 882 μᾶλλον
1482 813 1684 869 τούτου
1714 815 1876 870 ἕνεκα

205 897 291 949 δεῖ
305 893 432 949 οὔτε
465 895 594 959 τοὺς
624 894 846 965 ἰατροὺς
872 892 975 965 τὴν
1005 896 1173 960 δόξαν
1203 894 1562 965 ἀφαιρεῖσθαι
1580 927 1651 937 —
1671 893 1754 950 ὅτι
1774 897 1878 951 δύ-

203 998 356 1032 ναιτο
377 972 449 1031 ἂν
468 983 631 1031 τοῦτο
647 983 871 1048 ποιῆσαι
893 1011 952 1018 ——
974 977 1100 1033 οὕτε
1117 975 1246 1042 τοὺς
1263 977 1462 1042 ἄλλους
1484 978 1872 1049 δημιουργούς,

204 1057 342 1113 ἀλλὰ
383 1062 603 1122 δικαίως
639 1059 730 1114 καὶ
767 1065 835 1130 τῇ
871 1061 1133 1132 ῥητορικῇ
1162 1068 1427 1132 χρῆσθαι,
1466 1059 1650 1129 ὥσπερ
1687 1062 1777 1115 καὶ
1810 1067 1885 1131 τῇ

205 1139 431 1213 ἀγωνία.
470 1140 567 1196 ἐὰν
587 1143 663 1211 δέ,
679 1140 842 1211 οἶμαι,
857 1142 1144 1213 ῥητορικὸς
1162 1142 1459 1213 γενόμενός
1478 1166 1558 1207 τις
1577 1137 1718 1215 κᾷτα
1737 1141 1874 1197 ταύ-

204 1245 269 1295 τῃ
290 1230 359 1294 τῇ
378 1225 612 1294 δυνάμει
632 1225 723 1279 καὶ
743 1232 807 1296 τῇ
827 1228 986 1296 τέχνῃ
1007 1222 1173 1296 ἀδικῇ
1185 1266 1199 1294 ,
1240 1223 1308 1278 ού
1341 1223 1441 1279 τὸν
1471 1225 1767 1289 διδάξαντα
1798 1228 1882 1279 δεῖ

208 1318 388 1376 μισεῖν
408 1328 464 1360 τε
484 1307 575 1361 καὶ
597 1307 887 1377 ἐκβάλλειν
905 1309 964 1362 ἐκ
986 1314 1099 1361 τῶν
1118 1307 1350 1362 πόλεων.
1406 1309 1611 1371 ἐκεῖνος
1636 1306 1737 1376 μὲν
1765 1305 1871 1376 γάρ

147 1393 178 1434 C
209 1391 296 1444 ε’πὶ
325 1393 510 1459 δικαία
542 1395 694 1462 χρείᾳ
718 1391 1064 1459 παρέδωκεν,
1105 1386 1133 1442 6
1154 1386 1206 1442 δ’
1227 1391 1487 1452 ἐναντίως
1512 1395 1719 1460 χρῆται.
1775 1386 1877 1443 τὸν

207 1465 312 1526 οὖν
343 1471 446 1526 οὐκ
480 1469 667 1539 ὀρθῶς
701 1470 991 1541 χρώμενον
1018 1483 1197 1541 μισεῖν
1227 1475 1442 1526 δίκαιον
1470 1472 1562 1526 καὶ
1589 1470 1874 1542 ἐκβάλλειν

209 1555 303 1609 καὶ
321 1551 751 1623 ἀποκτιννύναι,
773 1551 886 1608 ἀλλ’
911 1553 978 1608 οὐ
997 1553 1097 1609 τὸν
1119 1554 1428 1619 διδάξαντα.

346 1641 453 1690 XII.
527 1640 650 1691 ΣΩ.
690 1635 882 1704 Οἶμαι,
922 1629 966 1689 ῶ
985 1641 1219 1706 Γοργία,
1261 1637 1352 1691 καὶ
1378 1636 1440 1691 σὲ
1461 1640 1720 1705 ἔμπειρον
1739 1633 1874 1689 εἶναι

205 1724 426 1772 πολλῶν
446 1717 629 1787 λόγων
660 1720 750 1772 καὶ
780 1721 1200 1786 καθεωρακέναι
1231 1721 1292 1773 ἐν
1323 1715 1508 1782 αὐτοῖς
1537 1716 1597 1771 τὸ
1640 1717 1866 1785 τοιόνδε,

207 1799 292 1855 ὅτι
311 1798 379 1854 οὐ
398 1803 599 1871 ῥαδίως
619 1799 884 1854 δύνανται
903 1802 1026 1870 περὶ
1044 1793 1125 1854 ῶν
1145 1796 1216 1853 ἂν
1234 1799 1614 1870 ἐπιχειρήσωσι
1634 1801 1869 1868 διαλέγε·

209 1889 344 1937 σθαι
370 1882 744 1952 διορισάμενοι
764 1879 900 1948 πρὸς
918 1879 1192 1952 ἀλλήλους
1211 1883 1302 1935 καὶ
1322 1879 1596 1950 μαθόντες
1610 1882 1700 1935 καὶ
1721 1880 1872 1935 διδά-

143 1966 180 2006 Ῑ)
211 1969 398 2030 ξαντες
417 1963 649 2029 ἑαυτοὺς
670 1963 816 2019 οὕτω
839 1964 1163 2019 διαλύεσθαι
1182 1962 1278 2027 τὰς
1298 1967 1621 2027 συνουσίας,
1643 1960 1757 2017 ἀλλ’
1778 1960 1873 2016 ἐὰν

208 2051 338 2116 περί
352 2068 452 2100 του
480 2044 938 2117 άμφισβητήσωσι
971 2046 1063 2101 καὶ
1093 2042 1165 2115 μὴ
1200 2050 1279 2115 φῇ
1308 2041 1337 2099 6
1357 2044 1541 2114 ἕτερος
1568 2042 1667 2098 τὸν
1687 2045 1863 2113 ἕτεροι

208 2128 396 2198 ὀρθῶς
431 2130 612 2199 λέγειν
649 2125 685 2199 ἢ
718 2127 791 2199 μὴ
833 2135 1051 2199 σαφῶς,
1090 2131 1486 2197 χαλεπαίνουσί
1518 2148 1574 2181 τε
1610 2128 1700 2181 καὶ
1737 2134 1870 2181 κατά

209 2210 432 2280 φθόνον
451 2219 661 2266 οἴονται
688 2209 789 2266 τὸν
809 2212 1021 2266 ἑαυτῶν
1050 2210 1256 2278 λέγειν,
1288 2213 1743 2277 φιλονεικοῦντας
1762 2205 1875 2263 ἀλλ’

209 2292 277 2346 οὐ
305 2297 601 2361 ζητοῦντας
628 2290 689 2347 τὸ
725 2297 1089 2362 προκείμενον
1120 2293 1179 2346 ἐν
1207 2297 1286 2364 τῶ
1313 2289 1485 2365 λόγῳ·
1538 2291 1628 2345 καὶ
1655 2294 1794 2345 ἔνιοί
1815 2312 1874 2359 γε

209 2381 565 2439 τελευτῶντες
595 2383 841 2444 αἴσχιστα
873 2372 1336 2440 ἀπαλλάττονται,
1370 2374 1789 2442 λοιδορηθέντες
1818 2393 1875 2426 τε

210 2459 299 2511 καὶ
319 2457 566 2520 εἰπόντες
595 2458 686 2511 καὶ
714 2454 1053 2519 ἀκούσαντες
1081 2456 1204 2525 περὶ
1235 2460 1396 2525 σφῶν
1426 2453 1611 2509 αὐτῶν
1633 2461 1875 2524 τοιαῦτα,

211 2532 299 2592 οἷα
318 2537 555 2602 καὶτοὺς
574 2539 852 2605 παρόντας
887 2537 1164 2608 ἄχθεσθαι
1195 2534 1334 2606 ὑπὲρ
1368 2544 1528 2606 σφῶν
1548 2535 1760 2607 αὐτῶν,
1794 2536 1875 2591 ὅτι

10 2663 16 2675 ,
149 2621 182 2661 Ε
213 2620 480 2674 τοιούτων
518 2618 838 2688 ἀνθρώπων
873 2618 1115 2690 ἠξίωσαν
1149 2617 1411 2688 άκροαταὶ
1445 2621 1723 2688 γενέσθαι.
1777 2624 1877 2673 τοῦ

214 2699 281 2771 δὴ
312 2702 474 2755 ἕνεκα
505 2703 648 2771 λέγω
676 2709 878 2769 ταῦτα;
928 2701 1010 2758 ὅτι
1040 2709 1149 2757 νῦν
1177 2703 1293 2771 ἐμοὶ
1321 2705 1496 2763 δοκεῖς
1525 2698 1596 2754 σὺ
1630 2699 1698 2754 οὐ
1725 2700 1876 2755 πάνυ

211 2781 500 2839 ἀκόλουθα
519 2787 697 2852 λέγειν
711 2782 840 2839 οὐδὲ
862 2783 1138 2854 σύμφωνα
1157 2782 1236 2848 οἷς
1255 2786 1315 2838 τὸ
1338 2789 1560 2850 πρῶτον
1580 2787 1758 2853 ἔλεγες
1779 2802 1865 2836 πε-
