1962 3112
366 37 390 44 »-
1387 0 1400 21 f
1859 0 1879 11 Α

182 172 288 225 266
785 174 960 220 ΠΛΑ
978 173 1144 222 ΤΩΝ
1156 174 1262 222 ΟΣ
1801 180 1858 224 68
1894 0 1947 271 ἶ

1915 263 1943 287 ι.

189 313 307 381 μίαι
328 311 448 376 εἰσί,
471 306 728 382 τυγχάνει
749 300 817 360 ὂν
838 302 959 361 οἷον
978 304 1384 361 ἀναπείθεσθαι
1399 308 1489 362 καὶ
1507 312 1858 378 μεταπίπτειν
1918 276 1943 391 {1¹

187 389 307 446 ὅῖνω
338 389 500 444 κάτω.
539 388 630 442 καὶ
652 393 815 441 τοῦτο
843 385 951 456 ἄρα
982 409 1063 451 τις
1091 393 1428 457 μυθολογῶν
1454 387 1666 460 κομψὸς
1698 387 1858 460 ἀνήρ,
1917 383 1959 435 2⁹]

189 479 320 535 ἴσως
340 469 573 534 Σικελός
591 491 671 533 τις
689 464 726 540 ἦ
752 466 979 525 Ἰταλικό
984 490 1034 538 ς,
1057 468 1326 539 παράγων
1342 474 1418 544 τῷ
1442 468 1669 541 ὀνόματι
1688 468 1777 525 διά
1796 469 1856 525 τὸ
1918 468 1935 544 ,3

188 551 435 607 πιθανόν
454 573 511 605 τε
530 552 624 606 καὶ
642 549 926 606 πειστικὸν
944 549 1198 621 ω’νόμασε
1221 557 1421 623 πίθον,
1460 551 1588 616 τούς
1609 553 1667 609 δὲ
1686 551 1860 624 ἀνοή-

129 656 162 697 B
190 656 319 699 τους
339 632 621 704 ἀμυήτους
636 653 647 663 ·
685 639 797 687 τῶν
818 631 870 687 δ’
892 631 1156 703 ἀμυήτων
1175 639 1338 688 τοῦτο
1359 640 1455 704 τῆς
1479 641 1682 706 ψυχῆς,
1717 627 1786 689 οὗ
1803 638 1861 689 αἱ
1907 631 1913 686 2«

189 719 477 786 ἐπιθυμίαι
498 719 606 770 εἰσί
612 723 638 784 ,’
659 714 720 769 τὸ
743 711 1055 769 ἀκόλαστον
1076 712 1254 769 αὐτοῦ
1272 714 1449 770 καὶού
1470 715 1765 786 στεγανόν,
1789 713 1861 779 ὥς
1936 774 1943 788 ,

188 799 514 868 τετρημένος
533 804 614 866 εἰή
636 801 818 864 πίθος,
839 793 927 850 διά
944 794 1046 866 τὴν
1066 793 1372 867 ἀπληστίαν
1391 795 1705 861 ἀπεικάσας.
1728 794 1859 852 τού-
1936 790 1946 873 }

185 886 412 935 ναντίον
433 877 498 949 δὴ
524 871 688 942 οὗτος
709 884 801 932 σοί
812 920 823 944 ,
857 872 901 932 ὦ
923 883 1270 949 Καλλίκλεις,
1293 881 1633 935 ἐνδείκνυται
1655 878 1727 943 ὡς
1746 884 1860 934 τῶν
1932 877 1940 947 3,

185 965 248 1018 ἐν
273 962 466 1016 ’Ἅιδου
484 994 556 1003 —
574 958 634 1013 τὸ
667 959 841 1023 ἀειδὲς
871 959 936 1030 δὴ
967 962 1144 1030 λέγων
1168 995 1229 1002 -——
1252 955 1407 1016 οὗτοι
1436 960 1768 1016 ἀθλιώτατοι
1789 958 1860 1015 ἂν
1938 950 1942 961 “

187 1042 298 1099 εἶεν
328 1047 383 1098 οἰ
410 1041 675 1113 ἀμύητοι,
714 1044 804 1096 καὶ
837 1054 1068 1112 φοροῐεν
1097 1047 1172 1107 εἰς
1201 1043 1302 1098 τὸν
1330 1045 1665 1114 τετρημένον
1684 1048 1858 1098 πίθον

186 1125 340 1194 ὕδωρ
374 1125 536 1195 ἑτέρῳ
567 1124 798 1197 τοιούτῳ
829 1125 1139 1197 τετρημένῳ
1158 1131 1412 1199 κοσκίνῳ.
1434 1124 1494 1181 τὸ
1519 1125 1575 1181 δὲ
1596 1126 1854 1181 κόσκινον

188 1206 298 1276 ἄρα
328 1209 501 1276 λέγει,
544 1203 616 1270 ὡς
644 1210 749 1276 ἔφη
782 1203 809 1260 6
842 1203 981 1273 πρὸς
1009 1205 1101 1275 ἐμὲ
1130 1209 1334 1277 λέγων,
1370 1206 1473 1278 τὴν
1492 1206 1674 1278 ψυχὴν
1693 1206 1858 1262 εἶναι·

119 1307 162 1348 c
188 1291 290 1360 τήν
321 1287 378 1343 δὲ
409 1285 592 1357 ψυχὴν
612 1292 850 1360 κοσκίνῳ
871 1285 1132 1342 ἀπείκασε
1152 1286 1255 1358 τὴν
1273 1295 1386 1343 τῶν
1410 1287 1662 1359 ἀνοήτων
1682 1285 1752 1353 ὡς
1770 1309 1854 1343 τε·

187 1373 491 1442 τρημένην,
531 1369 625 1424 ἅτε
657 1367 725 1424 ού
745 1372 1063 1440 δυναμένην
1083 1373 1295 1440 στέγειν
1316 1368 1389 1425 δι’
1413 1369 1669 1426 ἀπιστίαν
1687 1392 1744 1425 τε
1767 1372 1855 1425 καὶ

187 1452 387 1524 λήθην.
409 1449 563 1506 ταῦτ’
589 1453 837 1516 ἐπιεικῶς
857 1454 958 1521 μέν
980 1454 1126 1507 εστιν
1145 1450 1257 1508 ὑπό
1276 1474 1326 1507 τι
1347 1452 1525 1508 ἄτοπα
1536 1456 1735 1524 ,δηλοι
1747 1451 1856 1523 μὴν

189 1531 220 1589 ὃ
243 1532 346 1603 ἐγω
370 1533 646 1604 βούλομαί
661 1549 748 1587 σοι
768 1532 1213 1603 ἐνδειξάμενος,’
1186 1534 1286 1588 εάν
1310 1554 1425 1598 πως
1445 1528 1560 1597 οἷός
1577 1555 1634 1588 τε
1654 1536 1715 1601 ὠ,
1737 1543 1855 1588 πεῖ-

185 1632 277 1669 σαι
296 1615 670 1684 μεταθέσθαι,
692 1611 813 1667 ἀντὶ
833 1619 933 1667 τοῦ
953 1612 1244 1683 ἀπλήστως
1262 1615 1351 1668 καὶ
1371 1612 1683 1678 ἀκολάστως
1702 1617 1842 1683 ἐχονι

182 1717 275 1760 τος
301 1701 430 1765 βίου
458 1692 558 1749 τὸν
586 1702 826 1764 κοσμίως
852 1695 943 1749 καὶ
970 1707 1082 1759 τοῖς
1113 1694 1197 1751 ἀεὶ
1229 1702 1506 1765 παροῦσιν
1535 1699 1738 1759 ἱκανῶς
1765 1697 1853 1750 καὶ
1938 1750 1941 1763 ,

188 1777 565 1846 ἐξαρκούντως
594 1780 786 1845 ἔχοντα
802 1781 928 1846 βίον
958 1778 1194 1831 ἑλέσθαι.
1234 1774 1372 1832 ἀλλά
1410 1776 1647 1845 πότερον
1683 1781 1859 1831 πείθω
1932 1767 1940 1809 Ῑ

116 1875 154 1917 1)
184 1862 242 1912 τί
273 1875 333 1911 σε
364 1859 454 1911 καὶ
484 1863 836 1927 μετατίθεσαι
866 1855 1390 1929 εὐδαιμονεστέρους
1422 1857 1561 1914 εἶναι
1600 1856 1732 1922 τούς
1761 1879 1858 1912 κο-
1936 1847 1937 1858 ¹

189 1944 382 2009 σμίους
415 1945 529 1993 τῶν
566 1935 915 2006 ἀκολάστων,
954 1935 991 2008 ἦ
1020 1937 1146 1993 οὐδ’
1180 1936 1251 1994 ἀν
1279 1939 1419 1995 ἅλλα
1439 1937 1612 1994 πολλὰ
1633 1946 1854 1994 τοιαῦτα
1921 1982 1924 1986 .

188 2026 518 2091 μυθολογω,
541 2018 706 2075 οὐδέν
725 2042 776 2075 τι
796 2027 1006 2090 μᾶλλον
1025 2020 1353 2091 μεταθήσει·
1340 2063 1355 2089 ,

326 2108 498 2158 ΚΑΛ.
561 2101 728 2157 Τοῦτ’
749 2102 1124 2173 ἀληθέστερον
1144 2110 1364 2173 εἴρηκας
1378 2145 1391 2171 ,
1415 2125 1457 2157 ω
1477 2101 1784 2173 Σώκρατες.
1919 2171 1923 2174 .

322 2190 544 2240 XLVIII.
619 2190 744 2240 ΣΩ.
800 2186 941 2253 Φέρε
976 2185 1072 2254 δή,
1113 2183 1288 2254 ἄλλην
1317 2201 1403 2239 σοι
1431 2185 1617 2240 εἰκόνα
1640 2191 1781 2255 λέγω
1801 2187 1860 2240 ἐκ
1911 2214 1916 2245 ;

186 2272 288 2319 τοῦ
307 2263 483 2320 αὐτοῦ
500 2271 810 2336 γυμνασίου
829 2272 894 2338 τῇ
913 2272 1035 2320 νῦν.
1060 2266 1254 2320 σκόπει
1268 2265 1374 2337 γὰρ
1396 2271 1444 2321 εἰ
1459 2266 1671 2321 τοιόνδε
1691 2268 1860 2335 λέγεις

186 2350 309 2418 περὶ
328 2355 429 2403 τοῦ
450 2354 576 2418 βίου
596 2349 884 2418 ἑκατέρου,
916 2354 1016 2402 τοῦ
1034 2369 1092 2402 τε
1111 2348 1405 2418 σώφρονος
1424 2349 1514 2403 καὶ
1534 2369 1633 2402 του
1653 2345 1854 2402 ἀκολά-

185 2446 345 2498 στου.
386 2426 506 2484 οἷον
535 2434 585 2484 εί
611 2433 770 2484 δυοῖν
798 2428 1026 2498 ἀνδροιν
1055 2431 1290 2503 ἑκατέρῳ
1322 2435 1477 2485 πίθοι
1508 2430 1699 2484 πολλοὶ
1730 2427 1854 2499 εἶεν,
1912 2432 1913 2474 ἓ

121 2524 155 2564 Ε
188 2512 278 2563 καὶ
297 2533 370 2583 τῳ
404 2533 504 2579 μεν
534 2511 696 2583 ἑτέρῳ
727 2509 898 2581 ὑγιεις
925 2512 1015 2565 καὶ
1044 2511 1293 2581 πλήρεις,
1331 2509 1359 2565 6
1389 2533 1492 2581 μεν
1521 2518 1707 2581 οῖ’,νου
1746 2508 1774 2564 ὁ
1800 2509 1856 2564 δε

184 2594 413 2661 μέλιτος,
439 2589 467 2645 ὁ
491 2593 547 2646 δὲ
565 2593 851 2661 γάλακτος,
877 2594 966 2646 καὶ
987 2593 1143 2647 ἄλλοι
1164 2593 1357 2647 πολλοὶ
1375 2598 1614 2661 πολλῶν,
1638 2553 1855 2661 νάματα

185 2672 242 2728 δὲ
268 2672 472 2727 σπάνια
502 2677 590 2728 καὶ
621 2675 827 2743 χαλεπὰ
853 2675 1089 2729 ἑκάστου
1117 2674 1331 2729 τούτων
1350 2681 1430 2744 εἴη
1452 2675 1543 2728 καὶ
1564 2671 1697 2743 μετά
1719 2680 1853 2727 πολ-

183 2759 299 2809 λῶν
319 2753 512 2808 πόνων
531 2755 622 2809 καὶ
641 2761 895 2824 χαλεπῶν
914 2756 1328 2825 ἐκποριζόμενα·
1366 2752 1394 2808 ὁ
1416 2754 1517 2823 μὲν
1547 2747 1652 2808 οὖν
1671 2754 1853 2824 ἕτερος

181 2835 612 2907 πληρωσάμενος
641 2835 768 2906 μήτ’
797 2837 1109 2906 ἐποχετεύοι
1139 2836 1273 2906 μήτε
1302 2858 1352 2890 τι
1383 2840 1691 2905 φροντίζοι,
1730 2832 1850 2890 ἀλλ’
1903 2883 1906 2905 ,
