1962 3112
114 129 172 178 75
608 71 619 83 “
859 122 892 170 1
898 120 953 169 Ω.
965 122 1031 170 Ν.
1693 118 1800 172 437

253 262 379 314 ΣΩ.
428 250 497 312 Ἦ
511 257 602 311 καὶ
624 254 957 325 στρατηγός,
997 247 1043 309 ὦ
1057 252 1219 323 Ἴων,
1237 259 1353 310 τῶν
1374 250 1654 325 Ἑλλήνων
1673 254 1800 323 ἄρι-

114 361 243 408 στος
263 340 336 405 εἷς
372 406 377 409 ,

251 430 413 482 ΙΩΝ
468 416 557 479 Εὖ
585 428 734 489 ἴσθι,
775 414 823 475 m*
838 418 1160 488 Σώκρατες·
1203 421 1295 474 καὶ
1323 418 1497 473 ταῦτά
1523 439 1587 489 γε
1606 421 1667 474 ἐκ
1685 423 1800 473 τῶν

106 505 349 579 Ὀμήρου
367 504 584 578 μαθών.

251 595 361 646 ΧΠ.
435 593 561 643 ΣΩ.
618 589 689 640 Τί
703 583 773 654 δή
801 581 915 638 ποτ’
940 576 1046 638 οὖν
1065 582 1206 654 πρὸς
1221 590 1336 638 τῶν
1355 588 1538 653 θεῶν,
1579 575 1623 637 ὦ
1645 579 1796 652 Ἴων,

110 672 398 744 ἀμφότερα
428 670 654 742 ἄριστος
685 663 766 722 ὦν
783 673 899 722 τῶν
920 664 1227 737 Ἑλλήνων,
1266 668 1357 721 καὶ
1379 665 1683 735 στρατηγὸς
1702 666 1796 720 καὶ

110 756 370 830 ῥαψῳδός
382 797 395 821 ,
418 755 692 827 ῥαψῳδεῖς
708 751 812 822 μὲν
830 751 1060 818 περιιών
1079 761 1191 814 τοῖς
1212 749 1455 820 Ἕλλησι,
1478 759 1796 819 στρατηγεῖς

114 836 168 894 δ’
193 837 288 901 οὕς
322 833 360 908 ἦ
380 838 648 908 §avg-0605
666 835 769 904 μὲν
790 836 943 888 δοκεῖ
970 850 1057 887 σοι
1075 838 1264 904 χρυσῷ
1284 831 1542 905 στεφάνῳ
1561 833 1795 901 ἐστεφα-
1826 834 1858 876 0

114 921 365 990 ιωμένου
401 914 574 986 πολλὴ
610 919 763 987 χρεία
805 913 944 970 εἶναι
971 926 1084 979 τοῖς
1105 912 1355 985 ”Ἐλλησι,
1395 918 1707 984 στρατηγοῦ
1735 912 1795 968 δὲ

110 998 340 1071 οὐδεμία
354 1023 370 1067 ;
1805 989 1833 1020 ·’

251 1089 411 1140 ΙΩΝ.
449 1080 518 1137 Ἡ
532 1083 635 1152 μὲν
651 1078 758 1151 γὰρ
790 1078 1052 1151 ἡμετέρα,
1090 1074 1135 1136 ὦ
1152 1080 1475 1152 Σώκρατες,
1512 1080 1671 1145 πόλις
1689 1079 1792 1149 ἅρ-

112 1188 259 1239 χεται
278 1163 386 1220 ὑπὸ
408 1162 569 1236 ὑμῶν
596 1164 689 1219 καὶ
721 1174 1102 1234 στρατηγεῖται
1129 1164 1221 1219 καὶ
1243 1161 1414 1219 οὐδὲν
1434 1167 1604 1219 δεῖται
1623 1181 1792 1233 στρα-

15 1267 18 1270 ’
114 1255 298 1320 τηγοῦ,
318 1245 352 1318 ἡ
377 1247 435 1303 δὲ
454 1244 692 1318 ὑμετέρα
710 1247 799 1302 καὶ
818 1243 851 1317 ἡ
874 1249 1334 1317 Λακεδαιμονίων
1352 1246 1455 1303 οὐκ
1474 1246 1547 1303 ἅν
1561 1269 1628 1319 με
1648 1248 1794 1302 ἕλοι-

0 1326 25 1363 ’“’
116 1350 171 1385 το
193 1328 527 1399 στρατηγόν·
564 1324 721 1384 αὐτοὶ
740 1325 847 1397 γὰρ
868 1335 1057 1384 οἴεσθε
1076 1330 1258 1384 ἱκανοὶ
1278 1328 1433 1385 εἶναι.

14 1422 18 1432 ’
251 1416 374 1466 ΣΩ.
419 1404 486 1466 Ὦ
502 1413 746 1482 βέλτιστε
762 1409 921 1482 Ἴων,
938 1408 1359 1483 Ἀπολλόδωρον
1378 1411 1448 1468 οὐ
1466 1411 1792 1483 γιγνώσκεις

114 1494 208 1549 τὸν
227 1492 570 1563 Κυζικηνόν;

250 1578 413 1629 ΙΩΝ.
449 1579 626 1629 Ποῖον
644 1580 872 1638 τοῦτον;

250 1659 375 1711 ΣΩ.
435 1650 537 1711 ‘'Ov
582 1653 715 1727 'Ae-»7
725 1667 867 1711 ναῖοι
914 1654 1176 1721 πολλάκις
1221 1659 1434 1713 ἑαυτῶν
1482 1657 1791 1730 στρατηγὸν

110 1735 345 1810 ᾕρηνται
379 1739 542 1802 ξένον
577 1735 738 1792 ὄντα·
798 1738 891 1793 καὶ
925 1741 1258 1809 Φανοσθένη
1287 1738 1386 1795 τὸν
1406 1738 1672 1810 ’Ἀνδριον
1700 1742 1791 1797 καὶ

99 1815 464 1890 Ἡρακλείδην
485 1816 584 1874 τὸν
603 1822 998 1890 Κλαζομένιον,
1019 1817 1116 1885 οὓς
1134 1819 1231 1892 ἥδε
1250 1819 1284 1892 ἡ
1305 1820 1462 1887 πόλις
1481 1824 1672 1888 ξένους
1690 1822 1790 1879 ὅν-

108 1923 233 1973 τας,
272 1902 689 1972 ἐνδειξαμένους
709 1900 794 1963 ὅτι
814 1901 954 1968 ἄξιοι
974 1903 1148 1974 λόγου
1180 1908 1309 1973 εἰσί,
1347 1907 1438 1960 καὶ
1458 1909 1534 1970 εἰς
1552 1922 1790 1977 στρατη-

106 1989 229 2055 γίας
247 1986 338 2039 καὶ
358 1988 435 2048 εἰς
452 1981 549 2048 τὰς
567 1982 734 2049 ἄλλας
753 1982 922 2055 ἆρχοὶς
941 1983 1063 2055 ἄγει
1076 2008 1086 2017 ·
1112 1985 1279 2040 Ἴωνα
1301 1985 1353 2040 δ’
1377 1984 1487 2055 ἄρα
1506 1984 1606 2041 τὸν
1634 1985 1790 2057 Ἐφέ-

32 2055 46 2137 ἶ
108 2083 232 2122 σιον
252 2064 353 2136 οὐχ
369 2067 652 2137 αἱρήσεται
672 2067 983 2138 στρατηγὸν
1002 2071 1094 2124 καὶ
1112 2068 1344 2141 τιμήσει,
1358 2067 1461 2125 ἐὰν
1481 2073 1618 2142 δοκῇ
1638 2067 1788 2135 ἄξιος

38 2143 54 2195 ‘,
110 2147 283 2219 λόγου
302 2145 468 2214 εἷναι;
506 2153 563 2204 τί
579 2152 666 2220 δέ,
688 2148 792 2205 οὐκ
819 2147 1100 2222 Ἀθηναῖοι
1128 2153 1231 2221 μέν
1248 2153 1369 2206 ἐστε
1393 2155 1450 2207 οἰ
1468 2150 1708 2222 Ἐφέσιοι
1725 2148 1786 2205 τό

26 2218 29 2250 ³
107 2228 364 2301 ἀρχαῖον,
402 2232 492 2286 καὶ
511 2228 544 2300 ἡ
566 2228 804 2301 ’Ἐφεσος
823 2229 1083 2303 οὐδεμιᾶς
1098 2231 1338 2288 ἐλάττων
1369 2232 1607 2299 πόλεως,
1647 2229 1786 2288 ἀλλὰ
1816 2244 1851 2285 E

41 2336 53 2386 ‚f
107 2310 179 2367 σύ
199 2311 336 2382 γάρ,
374 2305 419 2366 ὦ
440 2310 599 2382 Ἴων,
637 2316 805 2383 εἰμὲν
826 2310 1015 2385 ἀληθῆ
1042 2316 1241 2384 λέγεις,
1284 2313 1357 2379 ὡς
1376 2317 1538 2386 τέχνῃ
1557 2315 1646 2369 καὶ
1666 2316 1788 2370 ἐπι-

107 2394 284 2468 στήμῃ
315 2390 431 2459 οἷός
460 2417 517 2451 τε
550 2395 600 2452 εἷ
620 2395 866 2469 Ὅμηρον
897 2400 1168 2467 ἐπαινεῖν,
1206 2397 1442 2469 ἀδικεῖς,
1487 2396 1637 2463 ὅστις
1664 2399 1786 2468 ἐμοὶ

49 2487 51 2489 ’
105 2476 512 2548 ὑποσχόμενος,
554 2475 626 2543 ὡς
656 2481 832 2535 πολλοὶ
863 2484 953 2536 καὶ
981 2479 1121 2537 καλὰ
1157 2483 1279 2550 περὶ
1299 2479 1542 2551 Ὁμήρου
1564 2482 1786 2536 ἐπίστα-

106 2579 229 2631 σαι,
267 2561 356 2615 καὶ
379 2560 615 2631 φάσκων
634 2563 920 2627 ἐπιδείξειν
950 2566 1219 2635 ἐξαπατᾷς
1239 2583 1305 2633 με
1327 2564 1419 2619 καὶ
1440 2570 1653 2619 πολλοῦ
1675 2567 1786 2628 δεῖς

105 2645 392 2713 ἐπιδεῖξαι,
414 2641 475 2708 ὅς
492 2665 555 2714 γε
581 2642 710 2700 οὐδὲ
730 2643 864 2701 ἅττα
885 2647 995 2702 ἐστὶ
1016 2653 1188 2701 ταῦτα
1204 2688 1218 2712 ,
1252 2647 1376 2716 περὶ
1399 2639 1480 2701 ὦν
1514 2644 1698 2712 δεινὸς
1720 2645 1783 2714 εἶ,

104 2726 316 2790 ἐθέλεις
348 2729 547 2795 εἰπεῖν,
587 2726 756 2783 πάλαι
783 2731 922 2799 ἐμοῦ
950 2734 1347 2800 λιπαροῦντος,
1392 2727 1507 2785 ἀλλ’
1547 2726 1787 2799 ἀτεχνῶς

106 2805 292 2878 ὥσπερ
320 2804 349 2862 ὁ
380 2807 643 2877 Πρωτεύς
674 2808 1027 2875 παντοδαπὸς
1057 2815 1235 2881 γίγνει
1268 2811 1646 2881 στρεφόμενος
1669 2808 1785 2865 ἄνω
