2020 3094
199 80 268 132 56
792 84 1272 167 ΠᾼΑΤΩΝΟΣ

138 229 171 269 Β
203 221 324 279 κίας
362 209 466 271 οὖκ
508 218 723 272 ἐθέλειν
758 221 1027 286 γενναίως
1061 213 1354 287 ὁμολογεῖν
1390 217 1473 274 ὅτι
1510 218 1676 277 οὐδὲν
1712 225 1873 294 λέγει,

201 295 338 353 ἀλλὰ
378 299 668 368 στρέφεται
694 296 811 352 ἄνω
842 299 934 353 καὶ
962 296 1108 352 κάτω
1141 300 1609 370 ἐπικρυπτόμενος
1638 300 1740 373 τὴν
1770 300 1871 358 αὑ-

199 385 300 433 τοῦ
329 375 590 447 ἀπορίαν·
629 385 806 433 καίτοι
835 373 943 433 κάν
973 375 1126 448 ἡμεῖς
1157 373 1267 434 οἶοί
1290 401 1348 434 τε
1371 374 1511 451 ἦμεν
1530 381 1653 452 άρτι
1681 382 1787 452 ἐγώ
1815 404 1872 437 τε

198 461 289 515 καὶ
324 458 394 514 σύ
436 466 664 514 τοιαῦτα
705 463 1069 529 στρέφεσθαι,
1108 464 1158 514 εἰ
1190 459 1538 531 ἐβουλόμεθα
1573 460 1646 532 μὴ
1687 466 1872 518 δοκεῖν

198 544 419 595 ἐναντία
458 538 592 611 ἡμῖν
627 539 812 606 αὐτοῖς
842 543 1036 611 λέγειν.
1078 547 1128 596 εἰ
1160 564 1262 612 μεν
1298 544 1405 597 οὐν
1442 545 1502 596 ἐν
1540 546 1869 615 δικαστηρίῳ

195 619 328 692 ἡμῖν
344 624 399 676 οἱ
414 621 570 692 λόγοι
588 616 751 693 ἦσαν,
774 621 916 693 εἶχεν
936 621 1008 677 άν
1021 644 1144 677 τινα
1159 624 1329 693 λόγον
1347 629 1520 678 ταῦτα
1539 636 1741 679 ποιεῖν·
1762 645 1870 679 νυν

197 702 254 758 δε
271 707 328 758 τί
354 701 426 758 άν
455 725 535 768 τις
565 706 627 759 ἐν
647 707 911 777 ξυνουσίᾳ
942 709 1126 777 τοιᾷδε
1144 705 1324 775 μάτην
1354 716 1533 769 κενοῖς
1563 705 1747 775 λόγοις
1768 704 1870 760 αύ-

193 784 285 849 τὸς
304 783 477 841 αὑτὸν
495 798 698 857 κοσμοῖ
703 810 717 853 ;

135 881 166 922 G
336 872 462 923 ΣΩ.
521 865 705 924 Οὐδεν
723 865 849 922 οὐδ’
871 869 989 938 ἐμοὶ
1011 871 1176 938 δοκεῖ,
1201 890 1241 922 ω
1268 868 1477 970 Λάχης·
1509 867 1634 925 ἀλλ’
1654 868 1871 940 ὁρῶμεν

195 948 267 1020 μὴ
290 953 491 1012 Νικίας
521 954 697 1004 οἴεταί
722 971 772 1004 τι
801 950 982 1018 λέγειν
1011 953 1101 1004 καὶ
1120 947 1188 1004 οὐ
1210 950 1424 1020 λόγου
1401 953 1564 1007 ε’νεκα
1588 960 1760 1008 ταῦτα
1778 954 1870 1008 λέ-

192 1053 291 1102 γει.
334 1029 511 1086 αύτοῦ
541 1024 646 1085 οὖν
672 1033 1015 1101 σαφέστερον
1034 1031 1352 1103 πυθώμεθα
1377 1038 1433 1088 τί
1447 1053 1578 1089 ποτε
1595 1047 1736 1090 νοεῖ·
1779 1036 1870 1090 καὶ

193 1113 293 1168 ἐάν
321 1135 372 1168 τι
401 1117 662 1183 φαίνηται
700 1114 903 1182 λέγων,
944 1111 1438 1185 ξυγχωρησόμεθα,
1482 1119 1530 1169 εἰ
1559 1114 1616 1170 δὲ
1643 1115 1746 1186 μή,
1786 1119 1867 1170 δι-

194 1195 444 1266 δάξομεν.
1894 1217 1897 1219 ·

335 1282 454 1331 ΛΑ.
510 1273 600 1330 Σὺ
621 1281 842 1346 τοίνυν,
886 1269 930 1330 ὦ
949 1276 1270 1347 Σώκρατες,
1305 1282 1355 1333 εἰ
1369 1278 1560 1349 βούλει
1579 1278 1868 1333 πυνθάνε-

193 1365 356 1428 σθαι,
379 1356 682 1412 πυνθάνου
699 1377 710 1388 ·
742 1355 846 1426 ἐγώ
870 1354 920 1411 δ’
947 1365 1076 1421 ἴσως
1095 1361 1297 1423 ἱκανῶς
1317 1362 1610 1430 πέπυσμαι.

333 1443 458 1494 ΣΩ.
507 1435 650 1493 Ἀλλ’
683 1435 851 1493 οὐδέν
870 1460 936 1508 με
958 1438 1186 1494 κωλύει·
1226 1438 1385 1511 κοινὴ
1404 1438 1511 1511 γὰρ
1535 1439 1735 1513 ἔσταιὴ
1757 1441 1866 1496 πύ-

191 1539 306 1586 στις
328 1517 468 1590 ὑπὲρ
491 1521 630 1590 ἐμοῦ
648 1541 705 1574 τε
724 1521 815 1574 καὶ
836 1526 955 1574 σοῦ.

331 1609 447 1659 ΛΑ.
501 1602 668 1656 Πάνυ
689 1599 790 1671 μὲν
810 1595 931 1655 οὖν.

331 1689 491 1739 XXV.
564 1688 688 1738 252.
746 1684 888 1752 Λέγε
908 1682 977 1754 δή
996 1704 1106 1753 μοι,
1130 1677 1174 1738 ὦ
1192 1689 1379 1754 Νικία,
1402 1691 1613 1755 μᾶλλον
1634 1682 1686 1740 δ’
1707 1681 1838 1755 ἡμῖν
1853 1705 1864 1717 ·

190 1765 539 1836 κοινούμεθα
567 1762 674 1835 γάρ
703 1764 810 1833 ε’γω’
841 1786 897 1819 τε
927 1767 1018 1820 καὶ
1046 1765 1234 1837 Λάχης
1262 1763 1361 1821 τὸν
1391 1767 1589 1836 λόγον·
1628 1765 1731 1837 τὴν
1767 1763 1862 1821 άν-

124 1862 159 1902 Ι)
191 1851 382 1918 δρείαν
401 1846 703 1917 ἐπιστήμην
721 1843 831 1918 φῂς
853 1849 1054 1901 δεινῶν
1066 1868 1123 1901 τε
1144 1849 1231 1902 καὶ
1250 1850 1583 1918 θαρραλέων
1601 1847 1767 1915 εἷναι;

330 1933 431 1984 ΝΙ.
474 1926 698 1997 ’Έγωγέ

328 2014 452 2064 ΣΩ.
513 2015 689 2064 Τοῦτο
720 2009 778 2065 δὲ
809 2006 877 2063 ού
910 2007 1115 2075 παντὸς
1145 2010 1212 2081 δὴ
1245 2009 1384 2066 εἶναι
1414 2008 1618 2080 ἀνδρὸς
1635 2017 1864 2080 γνῶναι,

190 2088 356 2147 ὁπότε
383 2113 446 2162 γε
475 2090 607 2162 μήτε
641 2088 825 2159 ἰατρὸς
855 2090 989 2190 μη’τε
1019 2091 1212 2162 μάντις
1248 2088 1382 2146 αὐτὸ
1423 2090 1695 2160 γνώσεται
1731 2090 1865 2161 μηδὲ

189 2171 441 2245 ἀνδρεῖος
457 2178 623 2242 ἔσται,
646 2171 744 2227 εἀν
761 2169 834 2243 μὴ
853 2169 1029 2243 αὐτὴν
1044 2172 1251 2243 ταύτην
1266 2172 1368 2243 τὴν
1384 2173 1684 2245 ἐπιστήμην
1700 2193 1836 2243 προς

186 2255 355 2327 λάβῃ·
397 2251 498 2325 οὐχ
516 2254 693 2319 οὕτως
716 2258 918 2324 ἕλεγες;

327 2342 430 2391 ΝΙ.
491 2335 653 2391 Οὕτω
674 2335 776 2406 μὲν
794 2338 912 2390 οὐν.

327 2422 452 2473 ΣΩ.
507 2416 663 2472 Κατὰ
692 2417 793 2488 τὴν
814 2423 1115 2488 παροιμίαν
1144 2417 1252 2488 ἄρα
1271 2424 1345 2487 τῷ
1367 2417 1486 2472 ὅντι
1505 2416 1607 2473 οὐκ
1627 2415 1699 2472 ἂν
1719 2425 1867 2473 πᾶσα

188 2492 254 2564 ὗς
272 2505 431 2570 γνοίη
453 2496 578 2554 οὐδ’
600 2495 672 2554 ἂν
692 2498 919 2569 ἀνδρεία
937 2503 1164 2570 γένοιτο.

327 2586 431 2636 ΝΙ.
490 2579 577 2636 Οὔ
596 2601 689 2652 μοι
710 2585 872 2636 δοκεῖ.

125 2676 159 2716 Ε
331 2668 455 2717 ΣΩ.
484 2726 486 2728 ,
511 2668 705 2733 Δῆλον
729 2663 824 2733 δή,
866 2657 910 2717 ⁶3
938 2668 1136 2732 Νικιά,
1178 2662 1262 2718 ὅτι
1282 2661 1411 2719 οὐδὲ
1429 2662 1532 2734 τὴν
1548 2668 1839 2734 Κρομμυω-

187 2748 317 2799 νίαν
348 2736 420 2798 ὗν
452 2744 727 2808 πιστεύεις
757 2745 827 2798 σύ
863 2766 926 2815 γε
963 2742 1226 2817 ἀνδρείαν
1260 2746 1560 2816 γεγονέναι.
1601 2750 1764 2799 τοῦτο
1805 2744 1861 2799 δὲ
