2020 3094
220 128 290 179 92
828 128 1307 177 ΠΛΑΤΩΝΟΣ
1871 139 1898 181 4

222 268 389 318 νοῦν·
427 267 612 318 ἔπειτα
640 261 786 317 ἰόντε
821 258 849 317 ὁ
878 262 980 331 μὲν
1003 259 1151 331 παρὰ
1182 259 1243 316 τὸ
1275 261 1563 332 μειράκιον
1592 266 1897 333 ἐκαθέζετο,

221 341 251 399 ὁ
279 342 646 415 Εὐθύδημος,
688 339 717 397 ὁ
754 345 813 397 δὲ
848 340 979 410 παρ’
1018 340 1193 397 αὐτὸν
1221 341 1312 413 ἐμὲ
1341 345 1403 399 έν
1431 344 1718 418 ἀριστερᾷ·
1761 347 1818 400 οἰ
1843 341 1893 400 δ’

221 425 382 482 ἄλλοι
411 423 484 489 ὦς
514 426 743 489 ἕκαστος
772 424 1087 495 ἐτύγχανεν.
1124 421 1447 496 ἠσπαζόμην
1476 419 1582 481 οὖν
1618 424 1768 482 αὐτοὶ
1801 425 1896 481 ἅτε

157 517 188 558 C
222 506 312 562 διὰ
333 505 542 576 χρόνον
562 504 841 575 ἑωρακώς·
863 504 996 575 μετὰ
1018 504 1077 560 δὲ
1097 511 1260 560 τοῦτο
1281 503 1437 561 εἷπον
1455 504 1592 575 πρὸς
1611 504 1712 562 τὸν
1730 512 1897 562 Κλει-

221 593 374 657 νίαν,
408 579 473 641 Ὦ
492 591 748 656 Κλεινία,
768 586 909 650 τώδε
927 589 1115 657 μέντοι
1133 584 1207 642 τω
1227 586 1398 657 ἄνδρε
1417 589 1575 659 σοφώ
1588 631 1602 658 ,
1627 587 1895 658 Εὐθύδηα

220 668 322 740 μός
340 689 398 724 τε
418 669 510 724 καὶ
526 668 975 737 Διονυσόδωρος,
997 666 1065 723 οὐ
1084 667 1150 724 τὰ
1171 669 1391 739 σμικρά,
1414 667 1553 726 ἀλλὰ
1571 667 1638 726 τὰ
1656 669 1867 741 μεγάλα
1883 689 1895 700 ·

219 750 286 806 τὰ
306 749 413 821 γὰρ
445 752 571 819 περὶ
587 748 690 806 τὸν
708 751 954 821 πόλεμον
971 751 1152 806 πάντα
1172 753 1535 822 ἐπίστασθον,
1573 750 1677 808 ὅσα
1699 755 1786 806 δεῖ
1796 750 1896 805 τὸν

220 834 490 903 μέλλοντα
520 831 829 903 στρατηγὸν
857 836 1109 900 ἔσεσθαι,
1147 833 1243 897 τάς
1271 855 1328 888 τε
1348 834 1523 900 τάξεις
1541 835 1631 891 καὶ
1649 832 1747 898 τὰς
1763 831 1895 904 ἡγε-

219 921 414 986 μονίας
430 922 544 970 τῶν
564 915 950 984 στρατοπέδων
971 915 1062 970 καὶ
1079 912 1185 969 ὅσα
1215 915 1277 969 ἐν
1305 911 1497 979 ὅπλοις
1514 915 1790 986 μάχεσθαι
1808 918 1895 970 δι-

220 999 480 1052 δακτέον·
504 998 601 1051 οιω
620 1016 677 1050 τε
698 995 756 1050 δε
775 996 866 1049 καὶ
887 998 1111 1064 ποιῆσαι
1131 993 1374 1048 δυνατὸν
1393 992 1531 1049 εἶναι
1551 993 1724 1050 αὐτὸν
1743 992 1890 1066 αὐτῷ

218 1085 452 1151 βοηθεῖν
472 1081 532 1133 έν
550 1089 662 1142 τοῖς
682 1081 1073 1147 δικαστηρίοις,
1114 1075 1185 1131 άν
1208 1099 1288 1142 τις
1311 1075 1484 1133 αὐτὸν
1503 1076 1685 1151 ἀδικῇ.
1725 1079 1895 1135 εἰπών

152 1173 187 1213 D
220 1157 327 1219 οὖν
355 1168 527 1218 ταῦτα
556 1159 988 1232 κατεφρονήθην
1026 1156 1125 1215 ὑπ’
1162 1158 1381 1216 αυτοῖν·
1419 1161 1751 1232 ἐγελασάτην
1787 1155 1894 1217 οὖν

217 1241 387 1313 ἄμφω
418 1243 720 1314 βλέψαντες
750 1245 825 1306 εἰς
857 1239 1153 1312 ἀλλήλους,
1186 1242 1277 1297 καὶ
1297 1238 1326 1296 ὁ
1350 1239 1694 1312 Εὐθύδημος
1714 1241 1890 1297 εἶπεν·

219 1323 392 1381 Οὔτοι
412 1329 490 1379 ἔτι
509 1330 708 1395 ταῦτα,
747 1345 788 1378 ω
810 1322 1132 1394 Σώκρατες,
1154 1323 1536 1394 σπουδάζομεν
1551 1367 1564 1392 ,
1587 1322 1726 1380 ἀλλὰ
1750 1344 1891 1395 παρ-

217 1409 398 1479 έργοις
426 1403 613 1470 αὐτοῖς
639 1405 918 1477 χρώμεθα.
957 1403 1107 1476 κάγώ
1145 1405 1443 1476 θαυμάσας
1480 1404 1636 1461 εἶπον
1651 1427 1661 1438 ·
1699 1405 1893 1462 Καλὸν

218 1487 290 1544 ἄν
310 1509 362 1544 τι
378 1487 439 1544 τὸ
461 1491 628 1558 ἔργον
645 1485 806 1558 ὑμῶν
824 1496 926 1559 εἴη,
947 1493 995 1543 εἰ
1011 1493 1309 1559 τηλικαῦτα
1328 1488 1620 1560 πράγματα
1640 1488 1887 1559 πάρεργα

217 1567 350 1642 ὑμῖν
378 1569 637 1641 τυγχάνει
662 1568 825 1640 ὅντα,
862 1571 953 1626 καὶ
974 1568 1114 1640 πρὸς
1142 1575 1295 1626 θεῶν
1316 1570 1533 1626 εἴπετόν
1552 1592 1674 1641 μοι,
1711 1575 1767 1625 τί
1781 1571 1891 1625 ἐστι

217 1658 382 1707 τοῦτο
412 1653 474 1707 τὸ
509 1651 698 1708 καλόν.
770 1649 1022 1723 Ἀρετήν,
1063 1657 1167 1723 ἔφη
1181 1694 1196 1723 ,
1235 1645 1282 1706 ὦ
1300 1650 1620 1722 Σώκρατες,
1659 1650 1893 1723 οἰόμεθα

217 1736 315 1789 οἴω
334 1731 385 1789 τ’
408 1731 549 1788 εἶναι
566 1737 915 1802 παραδοῦναι
934 1732 1169 1789 κάλλιστ’
1200 1733 1524 1805 ἀνθρώπων
1541 1735 1633 1790 καὶ
1652 1734 1874 1805 τάχιστα

152 1821 180 1861 Ε
354 1820 434 1870 111.
498 1808 563 1871 Ὦ,
580 1821 718 1887 Ζεῦ,
761 1813 907 1887 οἷον,
946 1811 1018 1887 ἦν
1039 1815 1093 1870 δ’
1113 1817 1496 1886 ἐγώ,,λέγετον
1515 1822 1738 1888 πρᾶγμα
1753 1839 1764 1850 ·
1786 1817 1892 1873 πό-

214 1904 322 1951 θεν
349 1903 512 1952 τοῦτο
541 1894 602 1953 τὸ
631 1899 858 1968 ἕρμαιον
888 1895 1144 1970 εὑρέτην;
1181 1898 1287 1967 ἐγώ
1307 1896 1366 1952 δὲ
1384 1899 1508 1967 περὶ
1528 1895 1688 1968 ὑμῶν
1708 1902 1890 1954 διενο-

213 1979 396 2050 ου’μην
415 1983 520 2050 ἔτι,
561 1977 746 2047 ὥσπερ
767 1986 876 2035 νῦν
894 1978 960 2052 δὴ
982 1984 1201 2050 ἔλεγον,
1244 1977 1317 2044 ὡς
1344 1979 1404 2034 τὸ
1428 1977 1571 2035 πολὺ
1591 1984 1755 2034 τοῦτο
1777 1982 1890 2034 δει-

215 2074 338 2118 νοΐν
357 2060 574 2131 ὄντοιν,
614 2064 676 2118 ἐν
702 2060 891 2127 ὅπλοις
921 2061 1219 2133 μάχεσθαι,
1257 2063 1347 2117 καὶ
1374 2066 1510 2116 ταῦτ
1520 2058 1746 2130 ’ἔλεγον
1766 2060 1890 2130 περὶ

212 2148 400 2224 σφῷν·
422 2142 514 2199 ο’τε
533 2142 641 2214 γάρ
660 2144 720 2199 τὸ
743 2145 1017 2214 πρότερον
1034 2144 1470 2216 ἐπεδημησάτην,
1495 2149 1659 2199 τοῦτο
1679 2147 1890 2242 μέμνη-

211 2246 308 2296 μαι
337 2222 461 2295 σφω
494 2228 959 2296 ἐπαγγελλομένω.
999 2230 1050 2281 εἰ
1075 2226 1133 2281 δε
1161 2232 1270 2282 νῦν
1299 2223 1526 2296 αληθως
1554 2226 1764 2297 ταύτην
1788 2226 1890 2296 τὴν

212 2308 514 2379 ἐπιστήμην
533 2312 743 2379 ἔχετον,
781 2312 906 2363 ι’λεω
927 2315 1136 2380 εἰητον·
1173 2304 1411 2378 ἀτεχνῶς
1440 2307 1546 2377 γὰρ
1574 2311 1742 2377 ἔγωγε
1762 2323 1886 2376 σφω

212 2388 395 2457 ὥσπερ
414 2387 532 2444 θεώ
552 2389 950 2460 προσαγορεύω
964 2432 978 2459 ,
1001 2389 1339 2460 συγγνώμην
1356 2390 1616 2460 δεόμενος
1634 2394 1776 2458 ἔχειν
1794 2410 1890 2458 μοι

95 2476 183 2521 274
210 2474 327 2523 τῶν
346 2472 666 2539 ἔμπροσθεν
687 2473 1006 2542 εἰρημένων.
1029 2468 1153 2527 ἀλλ’
1176 2468 1408 2543 ὁρᾶτον,
1441 2464 1486 2525 ὦ
1503 2468 1814 2540 Εὐθύδημέ
1829 2490 1887 2524 τε

208 2551 300 2606 καὶ
317 2552 740 2623 Διονυσόδωρε,
772 2558 824 2609 εἰ
841 2554 1027 2625 ἀληθῆ
1046 2556 1292 2623 ἐλέγετον
1307 2574 1319 2585 ·
1347 2549 1455 2607 ὑπὸ
1477 2550 1584 2622 γάρ
1603 2556 1704 2607 τοῦ
1723 2555 1887 2622 μεγέ-

209 2639 354 2696 θους
370 2638 473 2687 τοῦ
494 2635 897 2704 ἐπαγγέλματος
917 2634 1084 2691 οὐδεν
1102 2632 1430 2706 θαυμαστὸν
1449 2632 1711 2688 άπιστεῖν.
1744 2629 1882 2688 Ἀλλ’

209 2706 274 2768 εὖ
293 2721 458 2814 ἴσθι,,
452 2737 494 2769 ω
512 2714 823 2787 Σωκρατες,
847 2721 1070 2786 ἔφατον,
1091 2723 1255 2773 τοῦτο
1277 2714 1453 2781 οὕτως
1471 2716 1610 2786 ἔχον.
1678 2721 1886 2771 Maxa-

209 2799 335 2862 ριζω
366 2793 458 2863 ἄρ’
493 2794 635 2866 ὑμᾶς
663 2801 832 2868 ἐγωγε
853 2803 954 2852 τοῦ
973 2798 1243 2869 κτήματος
1261 2795 1405 2852 πολὺ
1427 2793 1691 2868 μᾶλλον”
1655 2820 1688 2868 η
1710 2793 1885 2868 μέγαν
