1962 3112
1066 0 1068 2 ’
1163 0 1200 27 ”2⁴
1216 0 1417 30 “’ῗ“””-·ῑ·“ἰ;ἱέ
1429 0 1565 19 *⁸*
1575 0 1803 31 '0³2⁴2zvf--17‘22'1
1834 0 1962 36 ἥτ’-τῖε

241 91 346 143 390
854 96 1332 147 ΠΛΑΤΩΝΟΣ
1391 66 1395 67 ἢ
1477 90 1482 95 “
1863 107 1920 153 23

242 229 334 282 καὶ
364 229 574 292 ἐκείνας
603 226 935 299 ἀφαιρεῖσθε
963 234 1125 284 τοῦτο
1157 229 1405 301 τοῦνομα
1450 232 1539 287 καὶ
1568 230 1917 302 ἀποστερεῖτε

128 321 213 366 299
241 314 342 364 τοῦ
363 309 534 375 καλὰς
554 308 718 375 εἶναι;
756 310 866 382 ὅτι,
890 310 1171 382 φήσομεν,
1200 312 1520 384 καταγελῴη
1543 309 1616 368 ἀν
1633 311 1795 384 ἡμῶν
1816 312 1915 370 οῦ-

245 394 354 457 δεὶς
374 391 520 457 ὅστις
541 390 627 463 οῦ,
650 398 701 448 εί
717 405 923 464 φαῖμεν
941 391 1013 464 μὴ
1033 391 1145 464 ἡδὺ
1167 391 1306 449 εἶναι
1325 408 1540 466 φαγεῖν,
1562 396 1699 453 ἀλλά
1722 397 1914 468 καλόν,

243 477 334 530 καὶ
372 474 516 540 ὄζειν
553 473 662 545 ἡδὺ
697 473 770 546 μὴ
807 472 915 545 ἡδὺ
952 473 1091 530 ἀλλά
1129 476 1301 532 καλόν
1317 499 1327 509 ·
1383 477 1448 532 τά
1481 482 1543 533 δέ
1568 500 1679 534 που
1707 479 1911 549 περὶτὰ

244 555 541 628 ἀφροδίσια
567 556 768 622 πάντες
787 553 859 613 ἀν
877 556 1009 628 ἡμῖν
1026 559 1286 629 μάχοιντο
1310 557 1383 623 ὠς
1402 558 1630 631 ἥδιστον
1648 559 1732 632 ὅν,
1757 564 1843 616 δεῖ
1857 565 1915 616 δὲ

244 637 381 695 αὐτό
393 682 408 710 ,
441 639 539 694 ε’ἀν
557 662 635 703 τις
655 641 745 694 καὶ
766 640 1003 711 πράττῃ,
1043 640 1191 695 οὕτω
1213 642 1500 714 πράττειν,
1543 641 1681 698 ὥστε
1703 645 1912 714 μηδένα

242 719 398 795 ὁρᾷν,
423 720 496 787 ὡς
516 729 796 792 αἴσχιστον
826 719 893 778 ὂν
924 721 1183 794 ὁρᾶσθαι.
1221 730 1393 778 ταῦτα
1423 720 1579 794 ἡμῶν
1609 725 1911 795 λεγόντων,

242 797 285 858 ὦ
298 801 474 859 Ἱππία
487 847 501 874 ,
522 804 815 875 μανθάνω,
840 802 1061 870 ἀνίσως
1081 810 1215 876 φαίη
1230 849 1242 872 ‚
1275 806 1366 861 καὶ
1387 806 1510 876 ἐγώ,
1534 805 1618 862 ὅτι
1636 807 1802 863 πάλαι
1828 813 1914 863 ocl-

240 886 512 956 σχύνεσθε
525 887 727 951 ταύτας
740 886 1054 958 τάςὴδονάς
1067 888 1242 959 φάναι
1261 887 1431 952 καλάς
1444 887 1599 958 εἶναι,
1615 887 1700 943 ὅτι
1719 887 1786 943 οὐ
1813 893 1911 944 δο-

178 973 210 1013 Β
241 981 328 1024 κεῖ
340 980 452 1034 τοῖς
471 967 818 1041 ἀνθρώποις·
860 969 974 1026 ἀλλ’
999 971 1103 1041 ἐγώ
1135 970 1203 1026 οὐ
1224 979 1388 1027 τοῦτο
1410 970 1668 1043 ἥρω’των,
1709 970 1741 1027 ὃ
1761 976 1916 1028 δοκεῖ

235 1064 348 1117 τοῖς
367 1059 588 1117 πολλοῖς
606 1051 779 1108 καλὸν
801 1051 967 1123 εἶναι,
991 1052 1099 1109 ἀλλ’
1125 1053 1156 1109 ὅ
1174 1077 1225 1109 τι
1244 1059 1405 1110 ἔστιν.
1453 1057 1689 1124 ἐροῦμεν
1708 1054 1805 1125 δή,
1828 1053 1910 1110 οἶ-

235 1157 358 1206 μαι,
380 1133 515 1205 ὅπερ
539 1133 895 1206 ὑπεθέμεθα,
933 1135 1014 1191 ὅτι
1035 1134 1190 1192 τοῦθ’
1213 1134 1364 1208 ἡμεῖς
1381 1139 1447 1206 γέ
1463 1158 1647 1207 φαμεν
1665 1136 1725 1191 τὸ
1748 1139 1912 1207 μέρος

235 1224 338 1273 τοῦ
355 1215 539 1289 ἡδέος,
571 1216 632 1273 τὸ
651 1220 736 1273 ἐπὶ
755 1224 822 1291 τῇ
843 1217 968 1285 ὄψει
987 1240 1043 1273 τε
1065 1220 1155 1274 καὶ
1174 1215 1313 1291 ἀκοῇ
1334 1217 1694 1289 γιγνόμενον,
1736 1217 1905 1274 καλὸν

235 1299 390 1355 εἶναι.
430 1298 567 1356 ἀλλά
589 1305 724 1371 ἔχεις
743 1323 794 1356 τι
811 1308 1051 1372 χρῆσθαι
1071 1307 1148 1375 τῷ
1167 1301 1330 1373 λόγῳ,
1351 1299 1390 1372 ἤ
1412 1324 1462 1355 τι
1482 1303 1573 1356 καὶ
1593 1299 1726 1356 ἄλλο
1746 1304 1901 1370 ἐροῦ-

235 1405 366 1454 μεν,
387 1377 432 1438 ὦ
443 1381 651 1449 Ἱππίας

376 1470 475 1521 ΙΠ.
531 1465 761 1537 Ἀνάγκη
783 1465 920 1535 πρός
940 1488 1001 1536 γε
1022 1463 1087 1521 τά
1109 1467 1385 1536 εἰρημένα,
1409 1459 1453 1521 ὦ
1471 1465 1792 1535 Σώκρατες,
1831 1464 1900 1536 μὴ

234 1546 346 1604 ἀλλ’
370 1548 503 1604 ἅττα
521 1545 558 1619 ἢ
576 1555 749 1603 ταῦτα
770 1550 962 1618 λέγειν.

372 1637 556 1687 XXIV.
630 1637 757 1687 Σῼ.
794 1638 993 1697 Καλῶς
1014 1628 1078 1701 δὴ
1094 1633 1290 1700 λέγετε,
1305 1630 1484 1703 φήσει.
1524 1629 1735 1686 οὐκοῦν
1755 1638 1903 1700 εἴπερ

171 1725 203 1767 G
232 1710 293 1768 τὸ
318 1711 381 1768 δι’
404 1712 583 1781 ὅψεως
603 1715 692 1769 καὶ
712 1712 882 1785 ἀκοῆς
899 1711 1008 1783 ἡδὺ
1031 1713 1204 1770 καλόν
1225 1716 1399 1786 ἐστιν,
1437 1712 1468 1769 ὃ
1487 1713 1558 1786 μὴ
1589 1721 1752 1770 τοῦτο
1772 1735 1906 1783 τυγ-

231 1795 387 1864 χάνει
405 1790 472 1848 ὂν
491 1801 605 1849 τῶν
620 1792 825 1866 ἡδέων,
860 1799 1029 1866 δῆλον
1049 1794 1132 1850 ὅτι
1153 1794 1255 1850 οὐκ
1276 1792 1346 1850 ἀν
1366 1796 1538 1852 καλὸν
1558 1804 1668 1868 εἴης
1705 1794 1907 1867 ὁμολο-

232 1876 504 1949 γὴσομεν;

371 1965 471 2016 ΙΠ.
508 1963 635 2014 Ναί.

373 2046 497 2098 ΣΩ.
529 2035 600 2096 ςΗ
616 2035 723 2096 οῦν
740 2041 801 2097 τὸ
823 2040 887 2097 δι’
912 2041 1094 2108 ὅψεως
1113 2039 1249 2113 ἡδύ,
1295 2041 1486 2113 φήσει,
1527 2039 1589 2096 δι’
1616 2040 1795 2109 ὅψεως
1815 2044 1906 2098 καὶ

232 2124 403 2195 ἀκοῆς
421 2127 569 2180 ἐστὶν
586 2122 722 2195 ἡδύ,
764 2121 800 2195 ἦ
826 2123 887 2179 τὸ
913 2123 975 2181 δι’
999 2123 1170 2195 ἀκοῆς
1197 2123 1308 2196 ἡδὺ
1328 2123 1390 2180 δι’
1417 2123 1586 2196 ἀκοῆς
1615 2127 1707 2180 καὶ
1727 2124 1904 2191 ὄψεώς

231 2209 381 2263 ἐστιν
408 2206 549 2279 ἡδύ;
590 2205 872 2278 οὐδαμῶς,
923 2208 1203 2278 φήσομεν,
1242 2205 1303 2262 τὸ
1348 2205 1436 2262 διά
1473 2212 1573 2262 τοῦ
1613 2208 1801 2285 ἑτέρου
1837 2203 1902 2262 ὂν

232 2296 396 2345 τοῦτο
424 2287 489 2344 δι’
511 2288 842 2360 ἀμφοτέρων
872 2297 953 2360 εἴη
988 2288 1085 2344 ἀν·
1124 2297 1287 2345 τοῦτο
1308 2287 1416 2360 γὰρ
1449 2292 1627 2353 δοκεῖς
1655 2286 1788 2358 ἡμῖν
1817 2293 1897 2342 λέ-

230 2394 350 2441 γειν
364 2393 374 2403 ·
411 2370 525 2427 ἀλλ’
547 2370 701 2443 ἡμεῖς
720 2374 1004 2443 ἐλέγομεν,
1036 2371 1121 2427 ὅτι
1137 2373 1229 2428 καὶ
1251 2371 1513 2441 ἑκάτερον
1534 2370 1748 2427 τούτων
1767 2367 1902 2424 αὐτὸ

163 2468 195 2507 D
230 2452 353 2510 καθ’
379 2453 514 2511 αὑτὸ
537 2462 650 2511 τῶν
668 2453 850 2527 ἡδέων
869 2455 1044 2511 καλὸν
1064 2463 1145 2526 εἴη
1160 2496 1175 2525 ,
1208 2455 1300 2510 καὶ
1320 2453 1623 2524 ἀμφότερα.
1680 2449 1781 2521 οὐχ
1802 2449 1903 2505 οῦ-

227 2557 332 2600 τως
350 2535 839 2609 ἀποκρινούμεθα;

370 2625 471 2675 ΙΠ.
509 2621 673 2674 Πάνυ
691 2622 793 2691 μὲν
812 2614 933 2675 οὖν.

368 2707 492 2757 Σῼ.
540 2697 646 2772 Ἆρ’
671 2697 793 2772 οὗν,
808 2703 992 2773 φήσει,
1010 2701 1117 2773 ἡδὺ
1135 2701 1296 2774 ἡδέος
1316 2698 1504 2756 ὁτιοῦν
1521 2697 1761 2755 ὁτουοῦν
1782 2703 1902 2753 δια-

232 2789 386 2854 φέρει
414 2783 593 2855 τούτῳ
621 2790 698 2858 τῷ
726 2781 834 2854 ἡδὺ
868 2783 1031 2850 εἶναι;
1069 2783 1142 2856 μὴ
1176 2783 1284 2856 γὰρ
1315 2788 1365 2839 εἰ
1392 2786 1587 2853 μείζων
1616 2804 1696 2846 τις
1727 2779 1901 2853 ἡδονὴ
