1962 3112
205 157 313 210 210
806 158 1289 207 ΠΛΑΤΩΝΟΣ
1822 166 1876 208 12

205 314 266 348 το
286 288 346 346 τὸ
371 295 563 363 ἔργον,
586 289 725 347 ἀλλὰ
746 293 838 347 καὶ
856 289 1043 360 ἄλλαι,
1066 294 1289 355 δικαίως
1309 289 1493 362 ῶσπερ
1511 292 1636 360 περὶ
1655 297 1756 347 τοῦ
1775 296 1877 358 ζω-

205 373 430 445 γράφου
450 372 584 445 μετὰ
602 381 765 429 τοῦτο
798 368 1177 442 ἐπανεροίμεθ’
1197 368 1270 427 ἂν
1295 371 1396 427 τὸν
1423 374 1679 444 λέγοντα,
1718 379 1877 439 ποίας

209 455 274 526 δὴ
296 462 526 519 πειθοῦς
546 456 742 525 καὶτῆς
762 456 884 524 περὶ
904 459 960 509 τί
974 451 1256 525 πειθοῦςὴ
1278 453 1536 526 ῥητορικὴ
1559 459 1669 512 ἐστὶ
1688 458 1874 527 τέχνης

146 549 175 590 Β
205 533 241 607 ἢ
261 535 329 592 οὐ
352 540 509 592 δοκεῖ
529 553 614 592 σοι
635 541 850 591 δίκαιον
870 534 1009 590 εἶναι
1029 538 1425 606 ἐπανερέσθαι;

346 625 502 675 ΓΟΡ.
527 619 761 689 Ἔμοιγε.

346 707 471 758 Σῼ.
503 700 822 772 Ἀπόκριναι
846 699 940 771 δή,
955 693 1001 755 ὦ
1021 705 1253 769 Γοργία,
1275 698 1463 771 ἐπειδή
1481 722 1545 771 γε
1565 702 1654 757 καὶ
1674 703 1759 756 σοὶ
1780 705 1875 757 δο-

208 797 294 840 κεῖ
310 784 502 848 οὕτως.

349 873 504 924 ῙὈΡ.
552 866 768 937 Ταύτης
786 870 979 921 τοίνυν
1008 871 1104 936 τῆς
1122 871 1354 928 πειθοῦς
1374 866 1514 933 λέγω
1528 906 1542 933 ,
1572 858 1616 920 ὦ
1635 865 1872 934 Σώκρα-

207 972 321 1020 τες,
361 956 457 1020 τῆς
485 953 544 1004 ἐν
572 961 686 1013 τοῖς
715 953 1081 1018 δικαστηρίοις
1106 947 1196 1001 καὶ
1227 948 1286 1000 ἐν
1320 958 1433 1010 τοῖς
1462 944 1648 1010 ἄλλοις
1678 940 1874 1018 ὄχλοις,

209 1030 393 1101 ὥσπερ
413 1033 503 1087 καὶ
523 1031 647 1103 ἄρτι
669 1036 887 1100 ἔλεγον,
921 1032 1014 1085 καὶ
1033 1031 1156 1098 περὶ
1185 1026 1400 1083 τούτων
1419 1026 1456 1083 ἅ
1483 1031 1596 1084 ἐστι
1617 1029 1800 1085 δίκαιοί
1816 1051 1889 1099 τε>

208 1116 300 1170 καὶ
318 1114 498 1171 ἄδικα.

348 1203 473 1252 ΣΩ.
513 1198 622 1251 Καὶ
653 1197 759 1266 ἐγώ
786 1217 870 1250 τοι
896 1194 1231 1250 ὑπώπτευον
1250 1194 1458 1263 ταύτην
1486 1210 1547 1248 σε
1576 1198 1757 1264 λέγειν
1774 1193 1876 1265 τὴν

209 1280 386 1336 πειθώ
418 1282 509 1337 καὶ
541 1282 665 1348 περὶ
690 1279 932 1347 τούτων,
975 1271 1019 1332 ὦ
1039 1283 1240 1347 Γοργία
1257 1298 1268 1308 ·
1307 1275 1418 1332 ἀλλ’
1440 1280 1532 1332 ἵνα
1557 1276 1628 1348 μὴ
1649 1278 1874 1348 θαυμά·

211 1367 327 1435 ζ’ῃς,
349 1361 449 1419 ἐὰν
469 1362 658 1431 ὀλίγον
677 1360 915 1430 ὕστερον
932 1360 1190 1415 τοιοῦτόν
1209 1367 1261 1414 τί
1280 1377 1340 1413 σε
1366 1357 1660 1430 ἀνέρωμαι,
1676 1357 1706 1414 ὃ
1728 1363 1877 1415 δοκεῖ

153 1454 183 1496 C
212 1445 312 1515 μὲν
332 1449 502 1515 δῆλον
521 1444 676 1514 εἶναι,
699 1442 804 1514 ε’γῶ
830 1441 879 1498 δ’
904 1446 1254 1511 ἐπανερωτῶ·
1294 1441 1432 1511 ὅπερ
1451 1440 1557 1512 γὰρ
1575 1445 1744 1513 λέγω,
1774 1449 1876 1497 τοῦ

211 1529 332 1598 ἑξῆς
349 1528 512 1582 ἕνεκα
531 1534 893 1595 περαίνεσθαι
914 1524 1014 1581 τὸν
1032 1525 1202 1596 λόγον
1230 1527 1442 1596 ἐρωτῶ,
1483 1523 1552 1579 οὐ
1572 1533 1676 1580 σοῦ
1695 1527 1874 1595 ἕνεκα,

211 1606 328 1664 ἀλλ’
350 1612 440 1663 ἵνα
470 1607 543 1679 μὴ
576 1609 887 1679 ἐθιζώμεθα
920 1606 1296 1672 ὑπονοοῦντες
1314 1606 1687 1677 προαρπάζειν
1705 1605 1877 1678 ἀλλή-

210 1698 325 1747 λων
341 1689 406 1746 τὰ
427 1691 723 1761 λεγόμενα,
758 1689 896 1746 ἄλλα
918 1690 988 1745 σύ
1006 1691 1072 1745 τὰ
1094 1696 1303 1745 σαυτοῦ
1323 1686 1459 1744 κατὰ
1479 1687 1582 1759 τὴν
1603 1687 1877 1747 ὑπόθεσιν

213 1773 362 1837 ὅπως
382 1771 453 1828 ἄν
470 1773 648 1845 βούλῃ
669 1779 947 1845 περαίνῃς.

353 1861 507 1912 ,ΓΟΡ.
542 1858 651 1911 Καὶ
673 1854 858 1925 ὀρθῶς
872 1857 939 1926 γε’
953 1877 1047 1926 μοι
1069 1858 1245 1918 δοκεῖς
1264 1866 1470 1925 ποιεῖν,
1502 1849 1547 1910 ῶ
1565 1855 1874 1927 Σώκρατες.

349 1943 472 1993 ΣΩ.
517 1938 628 1993 Ἴθι
660 1937 727 2009 δὴ
749 1940 839 1992 καὶ
868 1938 995 1993 τόδε
1014 1937 1454 2009 ἐπισκεψώμεθα.
1509 1945 1691 2003 καλεῖς
1707 1960 1759 1993 τι
1779 1959 1875 2009 με·-

211 2022 550 2092 μαθηκέναι;

351 2109 406 2160 Γ
404 2109 508 2158 ΟΡ.
545 2108 731 2158 Καλῶ.

353 2190 477 2241 ΣΩ.
522 2191 592 2241 Τί
605 2189 665 2241 δέ
678 2209 693 2251 3
728 2187 1175 2250 πεπιστευκέναι;

350 2274 507 2324 ΓΟΡ.
546 2267 769 2339 ’Έκγωγε

150 2352 186 2396 D
358 2357 483 2407 ΣΩ.
521 2354 774 2422 Πότερον
802 2344 908 2406 οὖν
935 2347 1141 2405 ταύτὸν
1171 2353 1326 2405 δοκεῖ
1339 2366 1427 2405 σοι
1457 2347 1597 2404 εἶναι
1624 2355 1880 2418 μεμαθη-

212 2433 368 2488 κέναι
411 2437 503 2489 καὶ
548 2435 992 2504 πεπιστευκέναι,
1049 2434 1141 2488 καὶ
1187 2431 1430 2503 μάθησις
1468 2432 1559 2485 καὶ
1606 2433 1805 2499 πίστις,
1842 2424 1880 2499 ἢ

211 2512 347 2571 ἄλλο
368 2537 444 2580 τι;

351 2602 507 2653 ΓΟΡ.
549 2604 748 2667 Οἴομαι
767 2599 867 2666 μὲν
886 2600 1082 2667 ἔγωγε,
1110 2590 1154 2652 ὦ
1172 2595 1466 2666 Σώκρατες
1478 2635 1492 2662 ,
1513 2590 1664 2647 ἄλλο.

354 2684 479 2734 ΣΩ.
518 2685 717 2742 Καλῶς
735 2676 842 2747 γὰρ
864 2686 966 2733 οἰέι
981 2700 992 2711 ·
1026 2680 1229 2749 γνώσει
1247 2679 1305 2734 δὲ
1325 2679 1570 2733 ἐνθένδε.
1609 2680 1660 2730 εἰ
1673 2674 1781 2745 γάρ
1801 2680 1880 2740 τίς

215 2776 278 2817 σε
297 2764 472 2830 ἔροιτο
489 2782 500 2792 ·
536 2754 617 2830 ἆρ’
642 2765 753 2815 ἔστι
772 2783 868 2831 τις,
895 2754 939 2815 ὦ
956 2766 1191 2833 Γοργία,
1210 2766 1387 2825 πίστις
1409 2757 1611 2830 ψευδὴς
1637 2758 1728 2814 καὶ
1744 2755 1878 2826 ἀλη-

213 2840 353 2913 θής;
393 2847 558 2913 φαίης
577 2842 672 2911 ἄν,
696 2840 767 2906 ὡς
786 2841 893 2908 ἐγώ
915 2842 1077 2906 οἶμαι.
