1962 3112
218 155 317 206 188
810 153 1288 203 ΠΛΑΤΩΝΟΣ
1605 159 1619 164 ‘
1802 165 1887 209 100
1959 166 1962 170 ’

157 301 191 343 D
222 286 451 357 αἰσχρόν
470 289 580 342 ἐστι
599 288 690 343 καὶ
707 288 824 357 ἐμοὶ
844 291 1049 356 σοφίαν
1071 288 1163 342 καὶ
1186 288 1485 359 ἐπιστήμην
1503 288 1576 360 μὴ
1598 287 1719 360 οὐχὶ
1739 288 1881 344 πάν-

219 390 332 423 των
368 368 663 438 κράτιστον
701 366 878 437 φάναι
914 365 1053 421 εἶναι
1083 373 1195 423 τῶν
1224 366 1590 438 ἀνθρωπείων
1626 371 1882 442 πραγμά-

217 472 342 504 των.
417 455 615 512 Καλῶς
631 470 722 518 γε,
761 452 902 518 ἔφην
920 448 1045 517 ἐγώ,
1082 446 1153 501 σὺ
1176 451 1351 518 λέγων
1370 452 1459 505 καὶ
1478 449 1675 523 ἀληθῆ.
1714 449 1882 506 οἶσθα

220 524 324 585 οὖν
353 528 437 585 ὅτι
468 533 523 584 οί
547 530 739 585 πολλοὶ
757 536 870 584 τῶν
897 526 1218 597 ἀνθρώπων
1246 532 1371 599 ἐμοί
1382 552 1439 585 τε
1458 533 1548 587 καὶ
1567 533 1652 588 σοὶ
1672 531 1740 588 οὐ
1762 539 1880 589 πεί-

218 619 445 679 θονται,
485 607 622 666 ἀλλά
651 610 891 674 πολλούς
920 626 1056 679 φασι
1086 611 1495 679 γιγνώσκοντας
1532 611 1595 668 τὰ
1631 615 1881 684 βέλτιστα

217 690 318 747 οὐκ
338 694 550 747 ἐθέλειν
574 690 858 762 πράττειν,
880 687 1005 756 ἐξὸν
1023 691 1234 762 αὐτοῖς,
1273 690 1410 748 ἀλλά
1440 692 1579 749 ἄλλα
1598 694 1856 762 πράττειν

216 775 308 828 καὶ
344 773 510 837 ὅσους
540 774 606 844 δὴ
637 770 743 842 ἐγω
773 769 990 843 ἠρόμην
1020 771 1053 827 ό
1080 778 1136 828 τί
1160 792 1291 828 ποτε
1320 775 1496 830 αἰτιόν
1525 777 1636 829 ἐστι
1655 775 1875 845 τούτου,

153 870 185 909 E
217 853 325 910 ὑπὸ
355 853 560 926 ἡδονῆς
588 870 759 923 φασιν
785 851 1129 924 ἡττωμένους
1155 849 1189 923 ἡ
1183 850 1440 925 ’λύπηςῆ
1460 847 1538 909 ῶν
1558 860 1664 910 νῦν
1684 853 1750 926 δὴ
1771 855 1875 924 ἐγώ

218 940 408 1005 ἔλεγον
455 934 563 991 ὑπό
609 957 758 998 τινος
803 933 1014 989 τούτων
1050 938 1460 1005 κρατουμένους
1495 942 1665 991 ταῦτα
1703 947 1880 990 ποιεῖν

218 1016 347 1081 τοὺς
366 1024 676 1080 ποιοῦντας.
712 1015 901 1071 Πολλά
920 1013 1027 1085 γάρ
1047 1014 1220 1086 οἶμαι,
1242 1021 1364 1087 ἔφη,
1389 1011 1432 1071 ώ
1459 1017 1764 1087 Σώκρατες,
1788 1018 1877 1071 καὶ

217 1095 354 1152 ἄλλα
395 1094 499 1152 οὐκ
536 1094 722 1166 ὀρθῶς
756 1099 1014 1166 λέγουσιν
1049 1100 1104 1151 οἱ
1136 1096 1440 1167 ἄνθρωποι.
1510 1096 1622 1154 Ἴθι
1658 1095 1724 1168 δὴ
1759 1096 1873 1167 μετ’

219 1182 355 1248 ἐμοῦ
372 1181 713 1249 ἐπιχείρησον
734 1183 953 1233 πείθειν
981 1175 1110 1242 τούς
1138 1175 1475 1246 ἀνθρώπους
1490 1180 1580 1234 καὶ
1600 1180 1880 1235 διδάσκειν

104 1274 187 1320 353
217 1257 249 1313 ὅ
269 1262 416 1315 ἐστιν
436 1257 621 1323 αὐτοῖς
638 1265 803 1313 τοῦτο
822 1258 880 1312 τὸ
905 1258 1114 1328 πάθος,
1155 1257 1188 1313 δ’
1207 1276 1379 1328 φασιν
1398 1257 1506 1316 ὑπὸ
1528 1267 1640 1315 τῶν
1658 1258 1878 1332 ἡδονῶν

216 1338 485 1411 ἡττᾶσθαι
517 1343 607 1397 καὶ
636 1339 704 1395 οὐ
733 1341 994 1410 πράττειν
1023 1339 1111 1396 διὰ
1144 1347 1314 1395 ταῦτα
1345 1340 1408 1395 τὰ
1451 1343 1728 1413 βέλτιστα,
1767 1346 1878 1399 ἐπεὶ

216 1422 548 1493 γιγνώσκειν
566 1445 628 1493 γε
652 1420 804 1479 αὐτά.
839 1430 968 1486 ἴσως
987 1420 1096 1493 γάρ
1117 1418 1187 1476 ἀν
1206 1422 1482 1491 λεγόντων
1500 1421 1656 1493 ἡμῶν
1675 1422 1758 1479 ὅτι
1777 1422 1880 1479 οὐκ

218 1501 406 1573 ὀρθῶς
425 1506 632 1574 λέγετε,
671 1497 715 1558 ῶ
737 1502 1054 1574 ἄνθρωποι,
1093 1501 1230 1558 ἀλλὰ
1250 1504 1555 1575 ψεύδεσθε,
1588 1503 1786 1575 ἔροιντ’
1809 1503 1881 1560 ἀν

219 1583 359 1655 ἡμᾶς
376 1606 388 1617 ·
424 1579 468 1640 ῶ
486 1585 832 1656 Πρωταγόρα
862 1608 920 1640 τε
949 1587 1040 1640 καὶ
1068 1585 1387 1655 Σώκρατες,
1427 1590 1475 1640 εί
1493 1585 1565 1656 μὴ
1587 1590 1698 1640 ἔστι
1717 1594 1876 1642 τοῦτο

218 1666 280 1722 τὸ
307 1667 540 1737 πάθημα
568 1665 771 1737 ἡδονῆς
799 1664 1097 1737 ἡττᾶσθαι,
1133 1664 1270 1721 ἀλλά
1310 1672 1366 1720 τί
1393 1665 1675 1736 ποτ’ἐστί,
1712 1669 1799 1722 καὶ
1831 1671 1886 1722 τί

221 1746 374 1817 ὑμεῖς
394 1746 530 1803 αὐτό
551 1769 688 1817 φατε
708 1747 873 1814 εἴναι;
910 1756 1133 1803 εἴπατον
1151 1746 1297 1817 ἡμῖν.
1381 1753 1450 1802 Τί
1463 1750 1547 1818 δέ,
1582 1742 1626 1802 ῶ
1644 1747 1880 1815 Σώκρα-

219 1849 330 1897 τες,
366 1832 453 1883 δεῖ
464 1826 606 1898 ἡμᾶς
625 1837 954 1883 σκοπεῖσθαι
972 1827 1075 1898 τὴν
1094 1835 1207 1883 τῶν
1226 1835 1448 1884 πολλῶν
1469 1829 1634 1895 δόξαν
1655 1828 1882 1897 ἀνθρώ-

158 1923 190 1964 Β
221 1929 360 1978 πων,
382 1914 438 1964 οἳ
454 1907 485 1963 ὅ
501 1931 552 1964 τι
573 1905 645 1964 ἀν
664 1909 865 1979 τύχωσι
884 1915 1047 1964 τοῦτο
1068 1913 1351 1978 λέγουσιυ;
1390 1909 1571 1980 Οἶμαι,
1593 1905 1664 1980 ἧν
1685 1907 1734 1964 δ’
1757 1909 1878 1982 ἐγώ,

217 1989 360 2045 εἶναί
376 2013 425 2044 τι
443 1988 575 2060 ἡμῖν
594 1996 756 2048 τοῦτο
778 1989 914 2060 πρὸς
930 1989 989 2045 τὸ
1025 1993 1263 2058 ἐξευρεῖν
1282 1993 1404 2059 περὶ
1426 1988 1706 2062 ἀνδρείας,
1746 1990 1881 2059 πρὸς

216 2065 385 2126 τάλλα
401 2070 568 2141 μόρια
584 2071 649 2126 τά
677 2078 773 2143 τῆς
800 2070 993 2142 ἀρετῆς
1011 2079 1125 2135 πῶς
1143 2069 1267 2125 ποτ’
1293 2075 1413 2141 ἔχει.
1437 2077 1486 2127 εἰ
1501 2067 1606 2127 οὖν
1626 2091 1714 2128 σοι
1734 2076 1886 2128 δοκεῖ

217 2155 470 2223 ἐμμένειν
490 2147 570 2217 οἷς
592 2151 714 2222 ἄρτι
734 2156 920 2219 ἔδοξεν
936 2151 1091 2224 ἡμῖν,
1113 2153 1202 2223 ἐμὲ
1221 2150 1539 2224 ἡγήσασθαι
1553 2196 1568 2224 ,
1588 2146 1625 2226 ᾗ
1643 2153 1791 2224 οἶμαι
1810 2149 1881 2208 ἂν
1950 2165 1953 2168 ’

217 2237 386 2303 ἔγωγε
406 2232 669 2288 κάλλιστα
689 2234 936 2305 φανερὸν
954 2236 1231 2305 γενέσθαι,
1253 2236 1388 2290 ἕπου
1404 2257 1414 2267 ·
1438 2241 1488 2291 εἰ
1505 2236 1564 2291 δὲ
1580 2235 1653 2306 μὴ
1673 2236 1879 2307 βούλει,

218 2322 270 2370 εἴ
284 2316 371 2369 σοι
391 2320 582 2385 φίλον,
605 2318 674 2370 ἐῶ
693 2323 913 2386 χαίρειν.
986 2314 1147 2386 Ἀλλ’,
1188 2321 1321 2386 ἔφη,
1354 2314 1539 2385 ὀρθῶς
1557 2317 1754 2385 λέγεις·
1791 2318 1879 2372 καὶ
1942 2318 1947 2394 J

218 2398 440 2464 πέραινε
462 2394 644 2467 ὥσπερ
663 2394 827 2466 ἤρξω.
1942 2414 1943 2420 ’

158 2496 187 2536 C
357 2481 587 2532 XXXVI.
659 2477 845 2532 Πάλιν
863 2483 1071 2547 τοίνυν,
1094 2480 1277 2548 ἔφην’
1250 2478 1387 2548 εγώ,
1413 2482 1463 2533 εἰ
1480 2474 1737 2549 ἔροιντο“
1711 2483 1878 2548 ημᾶς·
1936 2542 1937 2547 ¹

215 2559 271 2608 τί
285 2575 390 2609 ουν
410 2558 547 2624 φατε
576 2563 739 2612 τοῦτο
770 2555 936 2627 εἷναι,
979 2555 1010 2612 ὃ
1035 2556 1189 2628 ἡμεῖς
1215 2557 1359 2628 ἥττω
1380 2556 1519 2612 εἶναι
1535 2563 1648 2612 τῶν
1661 2555 1882 2627 ἡδονῶν
1933 2567 1936 2601 4

215 2637 499 2705 ἐλέγομεν;
524 2636 726 2707 εἴποιμ’
750 2634 821 2692 ἄν
838 2643 1008 2707 ἔγωγε
1024 2637 1161 2709 πρὸς
1176 2637 1378 2702 αὐτοὺς
1393 2635 1515 2693 ῶδί·
1536 2635 1765 2694 ἀκούετε
1786 2639 1880 2710 δή·
1929 2665 1931 2688 4

214 2717 593 2786 πειρασόμεθα
625 2716 729 2787 γὰρ
760 2717 894 2788 ὑμῖν
918 2720 1026 2788 ἐγώ
1055 2741 1112 2774 τε
1142 2721 1233 2775 καὶ
1262 2716 1633 2788 Πρωταγόρας
1653 2718 1877 2789 φράσαι.
1926 2759 1928 2772 ,

218 2794 353 2851 ἄλλο
377 2819 427 2851 τι
444 2797 548 2866 γάρ
563 2840 577 2869 ,
607 2792 651 2852 ῶ
670 2797 987 2870 ἄνθρωποι,
1022 2797 1206 2870 φατὲ“
1176 2810 1311 2871 υμῖν
1327 2804 1492 2856 τοῦτο
1512 2805 1802 2871 γίγνεσθαι
1821 2803 1881 2855 ἐν
1922 2791 1926 2850 ἕ
1956 2833 1962 2861 .
