1962 3112
178 135 284 188 412
796 133 1272 182 ΠΛΑΤΩΝΟΣ
1794 141 1852 182 50

177 278 391 326 Αἴαντα
417 269 555 325 ἄλλα
585 267 735 324 εἶπεν
765 263 801 337 ἢ
830 264 969 334 πρὸς
999 263 1098 320 τὸν
1115 263 1375 320 Ὀδυσσέα
1392 288 1404 300 ·
1426 264 1460 338 ὁ·
1477 265 1535 321 δὲ
1558 264 1851 329 Ὀδυσσεὺς

180 352 216 407 ἅ
239 375 297 408 τε
319 351 507 423 ἀληθῆ
526 354 697 422 λέγει,
732 348 1129 421 ἐπιβουλεύσας
1149 346 1232 403 ἀεὶ
1260 350 1432 420 λέγει,
1469 350 1559 403 καὶ
1589 345 1692 402 ὅσα
1711 347 1851 414 ψεύ-

181 439 356 503 δεται,
383 433 657 497 ὡσαύτως.

319 521 442 571 Σῼ.
495 513 761 584 Ἀμείνων
799 511 893 585 ἄρ’
932 517 1106 583 ἐστίν,
1146 510 1219 578 ὡς
1253 518 1458 582 ἔοικεν,
1498 511 1526 568 ὁ
1560 511 1852 575 Ὀδυσσεὺς

175 598 467 670 Ἀχιλλέως.

321 687 421 737 ΙΠ.
464 679 694 736 ”Ἠκιστά
716 702 776 749 γε
797 678 1004 749 δήπου,
1040 670 1082 731 ὦ
1099 676 1410 747 Σώκρατες.

319 769 443 819 ΣΩ.
510 769 577 818 Τί
603 763 666 817 δέ
675 789 686 824 ;
727 759 830 815 οὐκ
864 759 988 828 ἄρτι
1012 759 1298 829 ἐφάνησαν
1330 762 1385 813 οἱ
1412 759 1628 821 ἑκόντες
1648 757 1855 823 ψευδό-

180 868 337 918 μενοι
355 851 604 917 βελτίους
623 841 658 914 ή
678 846 734 899 οἱ
750 842 1006 907 ἄκοντες;

320 935 420 983 ΙΠ.
474 929 584 983 Καὶ
603 932 718 991 πῶς
735 925 822 996 ἄν,
842 919 885 980 03
900 924 1210 994 Σώκρατες,
1233 927 1290 979 οἱ
1304 924 1520 988 ἑκόντες
1539 920 1857 986 ἀδικοῦντες

69 1024 153 1070 372
184 1014 275 1067 καὶ
306 1010 524 1074 ἑκόντες
553 1007 1047 1079 ἐπιβουλεύσαντες
1067 1008 1158 1062 καὶ
1179 1004 1322 1061 κακοὶ
1346 1005 1709 1077 ἐργασάμενοι
1727 1010 1851 1076 βελ-
1960 1051 1962 1100 Α

182 1100 333 1159 τίους
364 1089 436 1148 ἀν
468 1090 578 1147 εἶεν
606 1097 717 1145 τῶν
746 1088 1024 1158 ἀκόντων,
1065 1085 1145 1153 οἷς
1173 1087 1346 1158 πολλὴ
1380 1092 1534 1144 δοκεῖ
1557 1088 1856 1159 συγγνώμη
1960 1101 1962 1158 q

185 1176 351 1246 εἶναι,
391 1173 490 1230 ἐὰν
528 1171 600 1244 μὴ
641 1172 799 1235 εἰδώς
828 1194 907 1235 τις
939 1170 1177 1242 ἀδικήσῃ
1207 1167 1243 1242 ἢ
1272 1170 1544 1240 ψεύσηται
1571 1167 1608 1241 ἦ
1641 1168 1774 1244 ἄλλο
1808 1192 1858 1224 τι
1959 1163 1962 1292 Ι

184 1258 360 1316 κακὸν
398 1256 625 1327 ποιήσῃς
675 1257 766 1310 καὶ
805 1258 860 1310 οί
893 1254 1056 1324 νόμοι
1094 1253 1274 1324 δήπου
1310 1251 1455 1308 πολὺ
1492 1254 1864 1323 χαλεπώτεροί
1960 1298 1962 1324 ,

186 1347 289 1398 εἰσι
332 1352 445 1404 τοῖς
483 1340 671 1395 ἑκοῦσι
708 1336 847 1393 κακὰ
889 1338 1268 1407 ἐργαζομένοις
1303 1337 1394 1391 καὶ
1431 1340 1791 1407 ψευδομένοις
1824 1332 1861 1405 ἦ
1960 1325 1962 1345 ¹

185 1440 297 1494 τοῖς
323 1422 572 1482 ἄκουσιν.

325 1517 436 1568 XV.
507 1514 629 1565 252.
672 1506 862 1580 Ὁρᾷς,
902 1500 946 1561 05
970 1503 1176 1577 Ἱππία,
1217 1505 1302 1562 ὅτι
1330 1505 1432 1576 ἐγώ
1478 1505 1660 1577 ἀληθῆ
1700 1508 1858 1575 λέγω,

123 1609 153 1649 Β
186 1597 360 1664 λέγων
392 1592 461 1657 ὡς
490 1591 725 1661 λιπαρής
756 1595 863 1660 εἰμι
895 1586 1032 1658 πρὸς
1060 1586 1156 1652 τάς
1183 1587 1471 1660 ἐρωτήσεις
1499 1595 1611 1643 τῶν
1641 1592 1859 1658 σοφῶιη

186 1679 277 1733 καὶ
298 1675 610 1731 κινδυνεύω
632 1677 694 1728 ἓν
714 1672 890 1744 μόνον
910 1676 1051 1741 ἔχειν
1069 1678 1231 1726 τοῦτο
1253 1669 1501 1741 ἀγαθόν,
1532 1665 1700 1727 τᾶλλα
1722 1675 1861 1741 ἔχων

189 1762 336 1814 πάνυ
366 1781 427 1828 γε
459 1763 672 1827 φαῦλα·
711 1763 824 1810 τῶν
851 1755 953 1825 μὲν
982 1754 1087 1824 γὰρ
1120 1754 1456 1825 πραγμάτων
1475 1748 1511 1828 ᾗ
1532 1759 1636 1825 ἔχει
1656 1759 1863 1824 ἔσφαλ-

189 1864 311 1913 μαι,
350 1842 439 1895 καὶ
468 1838 571 1894 οὐκ
594 1837 679 1893 οἶδ
686 1836 698 1855 ’
720 1836 829 1908 ὅπῃ
849 1839 977 1891 ἐστί.
1015 1837 1311 1907 τεκμήριον
1332 1841 1393 1891 δέ
1408 1858 1501 1907 μοι
1519 1837 1720 1891 τούτου
1740 1839 1864 1891 ἰκα-

190 1923 312 1990 νόν,
336 1920 421 1977 ὅτι
452 1919 675 1977 ἐπειδὰν
706 1922 1060 1988 συγγένωμαί
1074 1941 1147 1991 τςο
1169 1916 1330 1989 ὑμῶν
1356 1925 1470 1974 τοῖν
1491 1917 1861 1988 εὐδοκιμούν-

189 2027 301 2060 των
329 2006 415 2059 ἐπὶ
444 2009 612 2075 σοφίᾳ
645 2003 734 2056 καὶ
763 1998 842 2066 οἷς
871 2005 927 2056 015
947 1999 1204 2071 Ἕλληνες
1231 2000 1429 2064 πάντες
1457 2001 1730 2071 μάρτυρές
1760 2004 1864 2054 εἰσι

190 2093 286 2158 τῆς
319 2092 546 2156 σοφίας,
589 2090 855 2155 φαίνομαι
887 2081 1051 2138 οὐδὲν
1072 2083 1253 2147 εἰδώς·
1292 2080 1457 2138 οὐδὲν
1476 2083 1583 2153 γάρ
1604 2104 1696 2153 μοι
1716 2084 1871 2137 δοκεῖ

190 2175 303 2223 τῶν
325 2165 510 2222 αὐτῶν
527 2170 616 2221 καὶ
636 2165 786 2237 ὑμῖν,
810 2163 882 2230 ὥς
898 2171 1025 2228 ἔπος
1041 2168 1212 2219 εἰπεῖν
1229 2185 1239 2194 ·
1260 2168 1437 2219 καίτοι
1456 2170 1511 2218 τί
1524 2169 1706 2234 μεῖζον
1722 2161 1866 2233 ἀμα-

131 2262 159 2302 C
191 2257 321 2314 θίας
351 2249 672 2320 τεκμήριον,
713 2244 750 2318 ἦ
769 2248 992 2303 ἐπειδάν
1020 2269 1100 2311 τις
1129 2259 1323 2317 σοφοῖς
1343 2245 1578 2318 ἀνδράσι
1598 2247 1864 2316 διαφέρη-

191 2357 304 2402 ται;
347 2336 408 2387 ἓν
438 2333 496 2388 δὲ
514 2338 679 2386 τοῦτο
699 2330 1017 2400 θαυμάσιον
1039 2335 1141 2399 ἔχω
1175 2324 1418 2399 ἀγαθόν,
1441 2328 1472 2384 ὅ
1492 2351 1558 2399 με
1577 2328 1757 2394 σώζει·
1795 2325 1862 2381 ού

191 2417 298 2487 γὰρ
320 2414 647 2486 αἰσχύνομαι
667 2413 976 2485 μανθάνων
991 2456 1003 2479 ,
1028 2411 1164 2468 ἀλλὰ
1186 2411 1548 2482 πυνθάνομαι
1568 2412 1658 2465 καὶ
1678 2412 1863 2479 ἐρωτῶ

193 2499 282 2553 καὶ
302 2497 463 2567 χάριν
483 2494 696 2566 πολλὴν
718 2500 819 2566 ἔχω
838 2502 912 2569 τῷ
936 2494 1381 2568 ἀποκρινομένῳ,
1412 2496 1504 2549 καὶ
1524 2492 1726 2548 οὐδένα
1749 2491 1866 2546 πω’-

195 2599 326 2633 ποτε
346 2576 690 2648 ἀπεστέρησα
708 2579 940 2648 χάριτος.
975 2575 1043 2631 οὐ
1071 2576 1176 2648 γὰρ
1197 2578 1416 2631 πώποτε
1436 2580 1659 2646 ἔξαρνος
1678 2575 1866 2646 ἐγενόα

199 2681 309 2731 μην
329 2658 534 2729 μαθών
552 2681 629 2726 τι,
668 2662 909 2730 ἐμαυτοῦ
942 2661 1272 2730 ποιούμενος
1295 2658 1355 2715 τὸ
1379 2660 1611 2730 μάθημα
1631 2657 1771 2714 εἶναι
1792 2656 1866 2721 ὠς

197 2740 435 2811 εὕρημά
485 2739 609 2796 ἀλλ’
648 2741 962 2811 ἐγκωμιάζω
998 2740 1099 2796 τὸν
1138 2740 1434 2806 διδάξαντά
1470 2763 1537 2810 με
1576 2737 1649 2804 ὡς
1687 2737 1867 2810 σοφὸν

193 2822 356 2889 ὅντα,
393 2821 723 2893 ἀποφαίνων
751 2821 787 2878 ὁὶ
817 2828 1029 2894 ἔμαθον
1059 2824 1191 2893 παρ’
1225 2821 1412 2879 αὐτοῦ.
1452 2824 1540 2878 καὶ
1562 2821 1627 2893 δὴ
1650 2824 1738 2878 καὶ
1761 2827 1868 2877 νῦν
1944 2840 1946 2905 ᾗ
