1962 3112
1359 4 1362 6 v
1387 0 1645 32 ‘'J-*stt
1658 0 1712 25 2.-
1739 0 1962 30 -Yffffiss'rffissssffi

204 146 307 199 194
430 140 433 142 ’
814 149 1282 200 ΠΛΑΤΩΝΟΣ
1784 162 1869 207 106

202 287 366 337 τοῦτο
386 279 445 337 τὸ
472 281 706 352 πάθημα
724 279 927 352 ἡδονῆς
945 279 1246 353 ἡττᾶσθαι,
1279 283 1416 339 ἀλλὰ
1436 294 1488 340 τί
1505 283 1624 339 ποτ’
1648 287 1758 341 ἐστὶ
1778 287 1869 342 καὶ

145 367 177 409 D
205 368 262 419 τί
284 360 438 434 ὑμεῖς
466 361 603 418 αὐτό
634 384 772 432 φατε
803 360 970 430 εἶναι;
1004 371 1180 419 εἴπετε
1207 361 1353 435 ἡμῖν.
1394 371 1442 421 εἰ
1474 368 1575 438 μὲν
1612 361 1719 422 οὖν
1745 366 1869 423 τότε

203 441 380 508 εὐθὺς
411 442 544 514 ὑμῖν
573 452 800 514 εἴπομεν
828 441 913 498 ὅτι
942 442 1182 515 ἀμαθιά,
1221 453 1543 517 κατεγελάτε
1578 444 1650 503 ἄν
1682 446 1865 519 ἡμῶν·

201 533 310 580 νῦν
332 528 390 582 δὲ
412 521 484 580 ἄν
510 521 668 595 ἡμῶν
687 531 1043 596 καταγελᾶτε,
1074 528 1163 582 καὶ
1181 526 1340 597 ὑμῶν
1360 527 1547 582 αὐτῶν
1564 529 1869 599 καταγελά-

201 615 385 662 σεσθε.
435 608 525 662 καὶ
569 604 676 677 γάρ
726 604 882 677 ὑμεῖς
930 604 1317 678 ὡμολογήκατε
1354 607 1647 679 ἐπιστήμης
1687 612 1867 682 ἐνδείᾳ

200 687 594 757 ἐξαμαρτάνειν
623 689 749 756 περὶ
776 688 879 759 τὴν
912 694 1024 742 τῶν
1053 686 1277 758 ἡδονῶν
1304 693 1513 757 αἵρεσιν
1548 692 1640 745 καὶ
1673 696 1868 746 λυπῶν

199 766 330 831 τοὺς
349 767 823 839 ἐξαμαρτάνοντας
838 789 848 799 ·
867 774 1040 823 ταῦτα
1063 772 1127 823 δέ
1141 772 1290 824 ἐστιν
1308 768 1495 840 ἀγαθά
1515 792 1572 824 τε
1589 772 1678 825 καὶ
1698 770 1839 825 κακά
1853 791 1865 802 ·

198 849 288 904 καὶ
308 847 377 903 οὐ
393 848 568 918 μόνον
584 849 895 920 ἐπιστήμης,
914 847 1052 905 ἀλλὰ
1075 851 1165 905 καὶ
1185 855 1259 915 εἰς
1277 849 1338 905 τὸ
1354 851 1608 921 πρόσθεν
1625 854 1699 905 ἔτι
1720 848 1868 920 ὡμο-

137 937 171 977 Ε
201 930 469 1000 λογήκατε
507 930 591 986 ὅτι
626 938 973 1002 μετρητικῆς·
1009 929 1043 1002 ἡ
1074 932 1133 987 δὲ
1170 933 1645 1003 ἐξαμαρτανομένη
1676 933 1868 999 πρᾶξις

200 1012 337 1067 άνευ
358 1012 652 1084 ἐπιστήμης
670 1022 784 1070 ἴστε
804 1034 915 1068 που
935 1016 1024 1070 καὶ
1045 1013 1255 1071 αὐτοὶ’
1223 1038 1306 1070 οτι
1325 1015 1538 1088 ἀμαθίᾳ
1559 1015 1864 1086 πράττεται.

202 1093 342 1149 ὥστε
363 1091 514 1149 τοῦτ’
538 1099 647 1150 ἐστὶ
666 1093 728 1150 τὸ
759 1093 1010 1167 ἡδονῆς
983 1095 1127 1166 η’ττω
1151 1096 1308 1166 εἶναι,
1330 1096 1542 1168 ἀμαθία
1560 1095 1594 1168 ἡ
1612 1101 1862 1168 μεγίστη
1877 1106 1880 1108 ’

198 1167 266 1245 ἧς
282 1176 658 1247 Πρωταγόρας
686 1175 781 1231 ὅδε
812 1179 983 1247 φησὶν
1011 1177 1195 1246 ἰατρὸς
1217 1178 1354 1234 εἶναι
1371 1180 1461 1235 καὶ
1478 1178 1757 1249 Πρόδικος
1777 1180 1863 1231 καὶ

192 1253 421 1321 Ι’ππιας·
463 1255 616 1328 ὑμεῖς
644 1256 702 1313 δε
734 1256 823 1312 διὰ
853 1256 913 1312 τὸ
946 1266 1163 1314 οἴεσθαι
1184 1259 1317 1315 ἀλλο
1337 1283 1388 1315 τι
1406 1257 1442 1332 ἢ
1462 1258 1710 1330 ἀμαθίαν
1728 1257 1867 1314 εἶναι

197 1339 324 1395 οὔτε
342 1338 498 1396 αὐτοὶ
514 1339 642 1395 οὔτε
659 1338 790 1404 τούς
808 1336 1105 1410 ὑμετέρους
1122 1344 1318 1405 παῖδας
1336 1339 1483 1411 παρὰ
1504 1339 1634 1405 τοὺς
1652 1340 1868 1395 τούτων

198 1422 564 1486 διδασκάλους
582 1421 782 1477 τούσδε
801 1419 932 1486 τούς
952 1421 1216 1492 σοφιστὰς
1234 1426 1494 1494 πέμπετε,
1530 1420 1603 1486 ὠς
1623 1420 1691 1475 οὐ
1711 1424 1866 1475 διδα-

197 1509 336 1559 κτοῦ
359 1502 520 1568 ὄντος
533 1546 546 1571 ,
579 1501 718 1558 ἀλλὰ
748 1502 1047 1573 κηδόμενοι
1064 1510 1167 1558 τοῦ
1185 1502 1455 1574 ἀργυρίου
1475 1504 1566 1559 καὶ
1586 1501 1653 1558 οὐ
1674 1501 1864 1557 διδόν-

195 1606 282 1650 τες
298 1585 513 1649 τούτοις
530 1591 712 1649 κακῶς
731 1584 994 1654 πράττετε
1012 1586 1103 1640 καὶ
1126 1588 1235 1658 ἰδίᾳ
1254 1588 1344 1640 καὶ
1365 1588 1613 1658 δημοσία.

83 1673 170 1718 358
336 1672 610 1725 XXXVIII.
688 1671 874 1721 Ταῦτα
903 1666 1005 1736 μὲν
1037 1678 1148 1731 τοῖς
1186 1673 1408 1730 πολλοῖς
1443 1664 1864 1735 ἀποκεκριμένοι

196 1745 269 1802 ἀν
284 1743 451 1819 ἦμεν·
488 1745 630 1818 ὑμᾶς
653 1749 711 1803 δὲ
743 1747 807 1818 δὴ
832 1747 966 1818 μετὰ
984 1749 1366 1818 Πρωταγόρου
1385 1743 1788 1818 ἐρωτῶ,Ίππία
1806 1768 1863 1800 τε

195 1830 286 1885 καὶ
315 1828 559 1897 Πρόδικε
578 1863 648 1869 -
669 1827 857 1893 κοινὸς
884 1829 992 1899 γὰρ
1022 1828 1089 1899 δὴ
1119 1833 1255 1883 ἔστω
1277 1826 1409 1899 ὑμῖν
1438 1826 1467 1883 ὁ
1488 1828 1651 1897 λόγος
1668 1861 1740 1869 -
1758 1826 1832 1882 πό
1839 1861 1865 1868 -

195 1933 357 1980 τερον
378 1914 525 1965 δοκῶ
550 1907 682 1981 ὑμῖν
702 1909 892 1980 ἀληθῆ
909 1912 1091 1981 λέγειν
1107 1907 1143 1981 ἦ
1172 1910 1494 1976 ψεύδεσθαι.
1546 1907 1865 1979 ’Τπερφυῶς

195 1991 373 2048 ἐδόκει
392 1990 599 2047 ἅπασιν
619 1990 804 2062 ἀληθῆ
824 1989 963 2047 εἶναι
982 1990 1048 2046 τὰ
1072 1992 1345 2062 εἰρημένα.
1378 1988 1717 2061 Ὁμολογεῖτε
1736 1990 1861 2060 ἄρα,

194 2068 267 2144 ἦν
292 2071 345 2130 δ’
367 2072 504 2143 ἐγώ,
541 2070 602 2128 τὸ
635 2073 738 2143 μὲν
764 2070 873 2143 ἡδὺ
904 2070 1123 2143 ἀγαθὸν
1146 2072 1312 2143 εἶναι,
1352 2071 1411 2127 τὸ
1439 2071 1498 2127 δὲ
1515 2070 1747 2142 ἀνιαρὸν
1764 2095 1866 2127 κα-

196 2154 315 2210 κόν.
336 2152 440 2225 τὴν
458 2153 517 2210 δε
526 2157 814 2223 Προδίκου
828 2157 990 2210 τοῦδε
1005 2158 1271 2223 διαίρεσιν
1280 2175 1395 2210 των
1413 2151 1703 2224 ὀνομάτων
1721 2174 1865 2223 παρ-

191 2241 471 2306 αιτοῦμαι·
511 2242 617 2290 εἴτε
646 2234 752 2305 γὰρ
781 2232 892 2307 ἡδὺ
920 2243 1027 2292 εἴτε
1054 2234 1296 2306 τερπνὸν
1325 2237 1500 2306 λέγεις
1520 2243 1625 2291 εἴτε
1643 2235 1863 2306 χαρτόν,

133 2334 165 2375 Β
197 2324 302 2373 εἴτε
331 2315 547 2372 ὁπόθεν
576 2315 727 2373 καὶ”
694 2337 844 2381 οπως
868 2322 1075 2388 χαίρεις
1103 2339 1170 2372 τα
1208 2322 1435 2372 τοιαῦτα
1466 2314 1776 2387 ὀνομάζων,
1817 2338 1858 2370 ω

192 2401 433 2468 βέλτιστε
453 2398 697 2464 Πρόδικε
708 2440 724 2468 ,
755 2398 921 2454 τοῦτό
942 2420 1037 2470 μοι
1054 2397 1194 2468 πρὸς.
1210 2396 1239 2454 ὁ
1231 2398 1532 2471 βούλομαι
1551 2395 1860 2467 ἀπόκριναι.
1942 2471 1943 2475 ¹

192 2479 440 2543 Γελάσας
466 2473 569 2533 οὖν
589 2476 618 2534 ὁ
638 2479 915 2549 Πρόδικος
935 2479 1381 2552 συνωμολόγησε,
1402 2481 1488 2536 καὶ
1511 2482 1568 2535 οἰ
1582 2477 1751 2535 ἄλλοι.
1798 2481 1867 2533 Τί
1937 2477 1943 2498 ‘²

194 2560 252 2616 δὲ
280 2560 376 2631 δή,
415 2556 456 2615 ὦ
489 2558 715 2631 ἄνδρες,
755 2566 897 2631 ἔφην
930 2561 1061 2631 ἐγώ,
1103 2560 1165 2616 τό
1196 2560 1442 2628 τοιόνδε;
1479 2563 1538 2615 αἱ
1554 2561 1640 2615 ἐπὶ
1658 2558 1863 2613 τούτου
1915 2557 1923 2585 ”

193 2641 414 2711 πράξεις
442 2641 675 2711 ἅπασαι,
714 2645 801 2697 ἐπὶ
828 2649 930 2697 τοῦ
960 2641 1184 2708 ἀλύπως
1212 2647 1309 2715 ζῇν
1327 2643 1417 2697 καὶ
1435 2638 1633 2712 ἡδέως,
1677 2634 1768 2709 ἆρ’
1794 2638 1863 2695 οὐ

193 2728 359 2778 καλαί
383 2726 491 2792 [καὶ
524 2721 838 2792 αἰφέλιμοι];
876 2724 966 2779 καὶ
988 2724 1048 2779 τὸ
1079 2722 1254 2780 καλὸν
1274 2728 1439 2792 ἔργον
1457 2720 1676 2792 ἀγαθόν
1695 2743 1752 2776 τε
1772 2723 1859 2776 καὶ
1925 2714 1931 2794 Γ

195 2802 500 2878 ὦφέλιμον;
535 2805 860 2860 Συνεδόκει.
936 2810 1008 2861 Εἰ
1023 2805 1159 2876 ἄρα,
1193 2810 1334 2875 ἔφην
1350 2804 1457 2874 ε’γιό
1470 2847 1484 2870 ,
1516 2803 1574 2858 τὸ
1598 2802 1703 2875 ἡδὺ
1725 2802 1858 2872 ἀγα-
1919 2813 1924 2846 -ἰ
