1962 3112
220 106 322 158 278
832 107 1311 156 ΠΛΑΤΩΝΟΣ
1829 119 1889 162 80

217 248 380 296 τοῦτο
401 240 579 310 μόνον
598 240 1141 311 παρασκευάζουσαι,
1180 238 1483 310 ἀγνοοῦσαι
1515 250 1572 299 ἅὲ
1590 243 1651 299 τὸ
1670 245 1889 315 βέλτιον

219 324 311 379 καὶ
328 343 388 378 το
409 334 617 393 χεῖρον,
651 323 710 376 αἱ
727 322 786 376 δὲ
808 321 1218 391 γιγνώσκουσαι
1236 322 1268 380 ὅ
1290 346 1340 379 τι
1361 346 1418 380 τε
1438 323 1658 395 ἀγαθὸν
1675 329 1765 382 καὶ
1785 325 1819 381 δ’
1836 349 1887 381 τι

219 404 420 462 κακόν·
461 406 552 459 καὶ
576 406 769 474 ἐτίθην
797 410 910 458 τῶν
938 405 1042 474 μὲν
1071 409 1195 477 περὶ
1222 406 1318 471 τὰς
1345 406 1549 478 ἡδονάς
1577 408 1678 479 τὴν
1697 431 1888 479 μαγει-

221 488 383 559 ρικὴν
401 490 711 557 ἐμπειρίαν,
744 484 865 541 ἀλλ’
889 487 958 541 οῦ
975 489 1196 560 τέχνην,
1227 497 1342 544 τῶν
1363 493 1421 545 δὲ
1439 493 1562 561 περὶ
1581 490 1642 546 τὸ
1669 490 1890 561 ἀγαθὸν

221 569 324 641 τὴν
343 568 592 641 ἰατρικὴν
609 572 819 640 τέχνην.
840 571 930 625 καὶ
950 569 1088 640 πρὸς
1109 579 1314 642 φιλίου,
1337 567 1381 627 ὦ
1397 578 1736 642 Καλλίκλεις,
1757 574 1890 644 μήτε

223 652 387 717 αὐτὸς
408 661 531 709 οἴου
561 657 678 708 δεῖν
696 653 833 722 πρὸς
852 655 942 724 ἐμὲ
962 659 1170 720 παίζειν
1188 653 1318 726 μηδ’
1349 654 1382 710 ὅ
1399 678 1450 710 τι
1468 651 1540 710 ἀν
1556 656 1721 727 τύχῃς
1741 654 1890 724 παρα

220 736 286 791 τά
325 741 597 791 δοκοῦντα
638 736 970 807 ἀποκρίνου,
1012 735 1140 806 μήτ’
1171 732 1245 792 αὖ
1277 737 1343 792 τά
1373 736 1504 807 παρ’
1543 740 1680 807 ἐμοῦ
1717 736 1893 803 οὕτως

160 834 190 875 C
224 819 496 890 ἀποδέχου
529 817 601 883 ὥς
630 823 938 885 παίζοντος·
979 816 1115 892 ὁρᾷς
1133 820 1260 891 γάρ,
1282 818 1366 874 ὅτι
1387 822 1510 890 περὶ
1534 820 1735 875 τούτου
1754 823 1892 876 εἰσὶν

220 901 351 973 ἡμῖν
382 906 439 957 oc
461 902 643 973 λόγοι,
684 896 755 957 οὗ
781 907 835 956 τί
860 899 931 956 ἂν
959 908 1172 972 μᾶλλον
1203 901 1533 956 σπουδάσειέ
1561 924 1640 967 τις
1658 903 1747 957 καὶ
1767 919 1893 972 σμι-

222 984 360 1056 κρὸν
380 993 522 1041 νοῦν
540 989 679 1056 ἔχων
699 985 1023 1055 ἅνθρωπος,
1061 981 1096 1054 ἢ
1127 991 1288 1039 τοῦτο
1303 1027 1317 1054 ,
1352 984 1543 1040 ὅντινα
1561 983 1661 1056 χρὴ
1682 984 1892 1054 τρόπον

222 1073 346 1139 ζῇν,
386 1068 624 1138 πότερον
653 1069 738 1123 ἐπὶ
768 1066 836 1123 ὂν
865 1067 933 1122 σύ
965 1075 1295 1135 παρακαλεῖς
1324 1069 1443 1142 ἐμέ,
1485 1067 1550 1121 τὰ
1570 1073 1670 1122 τοῦ
1689 1065 1893 1137 ἀνδρὸς

223 1149 288 1221 δὴ
310 1157 482 1205 ταῦτα
511 1149 821 1222 πράττοντα
835 1193 849 1220 ,
889 1149 1121 1219 λέγοντά
1139 1171 1196 1204 τε
1215 1151 1276 1204 ἐν
1294 1155 1369 1222 τῷ
1391 1149 1544 1224 δήμω
1564 1151 1655 1205 καὶ
1673 1152 1893 1221 ῥητορι-

221 1232 328 1304 κὴν
358 1231 636 1288 ἀσκοῦντα
664 1235 754 1288 καὶ
785 1232 1217 1301 πολιτευόμενον
1235 1236 1437 1286 τοῦτον
1454 1232 1558 1287 τὸν
1578 1232 1805 1303 τρόπον,
1828 1229 1893 1286 ὃν

222 1313 375 1385 ὑμεῖς
394 1321 504 1370 νῦν
527 1315 913 1384 πολιτεύεσθε,
935 1311 970 1384 ἦ
989 1316 1075 1369 ἐπὶ
1093 1312 1254 1369 τόνδε
1272 1313 1372 1368 τὸν
1387 1320 1514 1385 βίον
1532 1312 1633 1371 τὸν
1652 1318 1712 1370 ἐν
1731 1322 1893 1386 φιλο-

225 1403 419 1471 σοφία,
459 1400 550 1453 καὶ
579 1403 636 1453 τί
661 1397 786 1453 ποτ’
820 1399 965 1452 ἐστὶν
988 1390 1151 1459 οὗτος
1181 1398 1397 1451 ἐκείνου
1427 1401 1724 1468 διαφέρων.
1762 1406 1893 1462 ἴσως

157 1496 190 1535 D
224 1474 329 1536 οὖν
346 1481 631 1552 βέλτιστόν
651 1484 814 1550 ἐστιν,
837 1479 909 1544 ὡς
927 1479 1050 1551 ἄρτι
1062 1478 1167 1549 ἐγω
1188 1482 1521 1550 ἐπεχείρησα,
1544 1483 1892 1551 διαιρεῖσθαι,

225 1566 578 1634 διελομένους
597 1563 765 1618 δὲκαὶ
785 1560 1235 1633 ὁμολογήσαντας
1260 1559 1541 1632 ἀλλήλοις,
1565 1566 1615 1616 εἰ
1631 1567 1742 1617 ἔστι
1762 1562 1893 1617 τού-

222 1667 298 1700 τω
337 1645 495 1700 διττώ
536 1643 611 1700 τω
651 1651 782 1716 βίω,
821 1647 1158 1714 σκέψασθαι,
1198 1651 1253 1699 τί
1284 1666 1341 1699 τε
1370 1647 1695 1715 διαφέρετον
1726 1643 1888 1715 ἀλλή-

224 1736 343 1783 λοιν
360 1730 449 1782 καὶ
469 1724 737 1797 ὁπότερον
755 1730 985 1797 βιωτέον
1005 1725 1209 1782 αὐτοῖν.
1252 1735 1383 1791 ἴσως
1411 1722 1516 1782 οῦν
1543 1727 1698 1782 οὔπω
1728 1727 1890 1783 οἶσθα

223 1815 278 1864 τί
293 1813 451 1879 λέγω.

363 1898 533 1946 ΚΑΛ.
597 1890 681 1946 Οὐ
703 1895 852 1962 δῆτα.

364 1980 488 2029 ΣΩ.
537 1972 682 2029 Ἀλλ’
718 1974 823 2044 ἐγω’
845 1990 932 2028 σοι
953 1973 1293 2043 σαφέστερον
1312 1974 1434 2040 ἐρῶ.
1477 1971 1658 2040 ἐπειδὴ
1681 1970 1882 2041 ὦμολο·

224 2057 472 2128 γήκαμεν
504 2056 611 2126 ἐγω’
643 2078 699 2111 τε
729 2057 821 2111 καὶ
850 2055 921 2110 σύ
953 2054 1092 2110 εἶναι
1121 2057 1222 2124 μέν
1251 2076 1303 2108 τι
1333 2051 1581 2122 ἀγαθόν,
1606 2051 1744 2107 εἶναι
1767 2055 1828 2108 δέ
1845 2076 1869 2107 τ

223 2136 361 2210 ἡδύ,
402 2139 591 2209 ἕτερον
620 2138 680 2194 δὲ
709 2136 769 2192 τὸ
801 2136 909 2209 ἡδύ
931 2144 1032 2192 τοῦ
1052 2135 1301 2207 ἀγαθοῦ,
1341 2138 1602 2204 ἐκατέρου
1625 2137 1682 2192 δὲ
1704 2134 1894 2190 αὐτοῖν

224 2222 454 2292 μελέτην
475 2219 596 2275 τινὰ
619 2220 757 2276 εἶναι
776 2223 867 2276 καὶ
885 2218 1245 2290 παρασκευὴν
1264 2226 1330 2290 τῆ
1334 2242 1358 2284 ς
1376 2218 1616 2290 κτήσεως
1629 2261 1643 2287 ,
1664 2217 1766 2288 τὴν
1794 2219 1882 2288 μετ

224 2311 326 2358 τοῦ
343 2302 502 2375 ἡδέος
520 2305 723 2376 θήραν,
745 2302 849 2375 τὴν
870 2304 929 2360 δὲ
945 2311 1046 2359 τοῦ
1066 2301 1288 2372 ἀγαθοῦ
1301 2337 1368 2344 -
1388 2299 1523 2356 αὐτὸ
1544 2303 1607 2356 δέ
1621 2322 1713 2371 μοι
1731 2305 1894 2355 τοῦτο

163 2403 195 2442 Ε
227 2393 448 2457 πρῶτον
467 2383 503 2457 ἦ
525 2387 784 2458 σύμφαθι
808 2383 841 2457 ἢ
860 2387 935 2457 μή
950 2409 962 2421 ·
988 2386 1235 2457 σύμφῃς;

363 2475 536 2524 ΚΑΛ.
593 2468 757 2525 Οὕτω
779 2474 932 2539 φημί.

309 2597 314 2601 .
366 2557 498 2607 LVI.
576 2558 695 2606 ΣΩ.
735 2551 852 2607 Ἴθι
881 2553 977 2622 δή,
1018 2549 1160 2606 ἑξκαὶ
1180 2549 1317 2619 πρὸς
1335 2549 1534 2603 τούσδε
1553 2547 1658 2618 ἐγώ
1686 2553 1892 2618 ἔλεγον,

229 2633 624 2704 διομολόγησαί
651 2656 770 2703 μοι,
814 2640 863 2689 εἰ
889 2632 997 2703 ἄρα
1027 2651 1113 2688 σοι
1143 2635 1301 2698 ἔδοξα
1335 2632 1456 2687 τότε
1487 2628 1672 2700 ἀληθῆ
1700 2631 1893 2700 λέγειν.

226 2721 418 2787 ἔλεγον
448 2719 509 2770 δέ
540 2737 676 2783 που,
709 2714 793 2770 ὅτι
820 2714 853 2785 ἡ
885 2716 985 2785 μὲν
1015 2712 1307 2783 ὀψοποιικὴ
1342 2712 1412 2767 οὗ
1441 2734 1534 2783 μοι
1563 2716 1718 2767 δοκεῖ
1736 2716 1894 2782 τέχνη

114 2810 196 2853 501
228 2797 366 2853 εἶναι
382 2796 503 2854 ἀλλ’
527 2799 799 2868 ἐμπειρία,
818 2795 852 2866 ἡ
873 2796 928 2850 δ’
951 2797 1165 2869 ἰατρική
1180 2839 1194 2867 ,
1222 2798 1398 2865 λέγων
1418 2793 1502 2850 ὅτι
1522 2792 1554 2864 ἡ
1577 2794 1676 2865 μὲν
1694 2794 1894 2850 τούτου
