2020 3094
56 124 132 187 '¹57
636 130 800 180 ΠΡΩ
818 129 1204 179 ΤΛΓΟΡΑΣ.
1655 127 1756 180 145

76 272 183 337 φέα
212 268 303 323 καὶ
335 272 634 322 Μουσαῖον
650 286 660 295 ·
697 266 880 328 ἐνίους
910 263 973 318 δέ
990 284 1143 328 τινας
1160 262 1410 335 ᾔσθημαι
1429 263 1519 317 καὶ
1538 284 1756 334 γυμνα-

76 349 297 421 στικήν,
334 344 456 404 οἷον
477 346 660 412 Ἴκκος
696 369 753 402 τε
787 344 816 402 ὁ
860 352 1196 414 Ταραντῖνος
1233 346 1323 400 καὶ
1359 341 1387 400 ὁ
1426 350 1535 399 νῦν
1566 348 1644 400 ἔτι
1673 341 1754 400 οόν

74 429 306 496 οὐδενὸς
337 429 516 513 ἥττων
545 427 810 501 σοφιστὴς
832 425 1171 497 Ηρόδικος’
1147 450 1177 483 ο
1196 425 1652 499 Σηλυμβριανός,
1692 422 1752 482 τὸ
1785 428 1819 471 Ε

74 516 134 569 δὲ
154 511 383 584 ἀρχαῖον
401 507 728 584 Μεγαρεύς·
759 509 1032 583 μουσικὴν
1050 512 1109 567 δὲ
1133 508 1473 581 Ἀγαθοκλῆς
1491 530 1549 565 τε
1568 505 1598 567 ὁ
1619 506 1756 580 ὑμέ-

73 617 229 664 τερος
248 595 536 666 πρόσχημα
562 592 888 697 ἐποιήσατο,
909 595 1075 665 μέγας
1095 616 1176 649 ων
1202 593 1491 664 σοφιστής,
1522 593 1613 648 καὶ
1630 596 1756 647 Πυ-

73 673 413 746 θοκλείδης(
386 697 415 730 ο
438 681 599 740 Κεῖος
619 676 709 731 καὶ
731 674 889 731 αλλοι
910 684 1117 733 πολλοί.
1138 670 1293 733 οὗτοι
1313 677 1514 742 πάντες
1531 718 1546 747 ,
1567 674 1753 745 ω’σπερ

74 762 234 830 λέγω,
257 762 599 830 φοβηθέντες
614 757 714 814 τὸν
726 759 952 830 φθόνον
971 771 1086 825 ταῖς
1103 765 1313 830 τέχναις
1331 758 1555 822 ταύταις
1574 778 1755 827 παρα-

73 842 419 912 πετάσμασιν
450 842 751 913 ἐχρήσαντο
770 864 780 873 ·
801 840 906 913 ε’γώ
930 842 988 898 δὲ
1006 842 1223 907 τούτοις
1241 840 1412 897 ἅπασι
1431 839 1568 896 κατὰ
1590 846 1755 895 τοῦτο
1784 845 1867 896 317

75 923 218 980 εἶναι
248 922 317 980 οὐ
338 927 708 995 ξυμφέρομαι·
747 922 987 996 ἡγοῦμαι
1005 923 1111 996 γὰρ
1133 922 1337 989 αὐτοὺς
1356 921 1427 979 οὔ
1447 945 1497 979 τι
1518 921 1754 991 διαπρά-

75 1010 276 1073 ξασθαι
307 1004 340 1061 ὃ
366 1005 782 1078 ἐβουλήθησαν·
825 1004 893 1061 ού
922 1007 1029 1079 γὰρ
1060 1014 1257 1063 λαθεῖν
1287 1011 1401 1061 τῶν
1430 1003 1755 1073 ἀνθρώπων

73 1088 208 1156 τούς
238 1092 586 1161 δυναμένους
613 1092 673 1146 ἐν
694 1102 812 1155 ταῖς
842 1090 1035 1146 πόλεσι
1056 1090 1344 1160 πράττειν,
1383 1079 1568 1156 ὦνπερ
1590 1088 1754 1143 ἕνεκα

69 1171 229 1228 ταῦτ’
271 1175 381 1230 ἐστὶ
418 1173 485 1229 τὰ
522 1173 902 1245 προσχήματα·
944 1176 1059 1230 ἐπεὶ
1095 1177 1150 1230 οἳ
1183 1195 1245 1244 γε
1286 1174 1479 1228 πολλοὶ
1517 1168 1589 1237 ὡς
1626 1175 1756 1235 ἔπος

70 1261 252 1313 εἰπεῖν
273 1255 440 1314 οὐδὲν
469 1258 861 1327 αἰσθάνονται,
907 1255 1026 1313 ἀλλ’
1061 1253 1181 1311 ἅττ’
1217 1251 1288 1311 ἂν
1317 1247 1472 1311 οὗτοι
1502 1256 1758 1325 διαγγέλ-

74 1346 238 1410 λωσι,
277 1346 448 1396 ταῦτα
479 1339 734 1412 ὑμνοῦσι.
771 1338 832 1395 τὸ
867 1334 972 1396 οὖν
990 1339 1470 1411 ἀποδιδράσκοντα
1489 1338 1562 1409 μὴ
1583 1336 1755 1393 δύνα-

72 1430 211 1478 σθαι
233 1421 572 1494 α’ποδρᾶναι,
602 1419 740 1479 ἀλλὰ
760 1431 1054 1496 καταφανῆ
1072 1423 1239 1495 εἶναι,
1271 1421 1445 1494 πολλὴ
1467 1427 1645 1494 μωρία
1665 1423 1757 1478 καὶ

73 1512 174 1562 τοῦ
193 1506 630 1578 ἐπιχειρήματος,
659 1508 747 1561 καὶ
767 1505 908 1561 πολὺ
930 1508 1398 1577 δυσμενεστέρους
1418 1509 1757 1577 παρέχεσθαι

72 1587 286 1660 ἀνάγκη
330 1587 460 1654 τούς
494 1587 861 1658 ἀνθρώπους·
916 1587 1179 1660 ἡγοῦνται
1215 1586 1323 1659 γὰρ
1359 1586 1461 1643 τὸν
1501 1594 1757 1644 τοιοῦτον

72 1670 213 1741 πρὸς
227 1684 338 1737 τοῖς
350 1671 535 1737 ἄλλοις
550 1674 639 1727 καὶ
664 1678 988 1742 πανοῦργον
1003 1669 1156 1727 εἶναι.
1179 1670 1283 1742 ἐγώ
1303 1663 1409 1726 οὖν
1421 1669 1632 1726 τούτων
1651 1668 1756 1743 τὴν

73 1757 331 1811 ἐναντίαν
348 1753 570 1811 ἅπασαν
585 1753 722 1812 ὁδὸν
741 1755 1007 1828 ἐλήλυθα,
1030 1756 1120 1811 καὶ
1142 1753 1396 1826 ὁμολογῶ
1413 1776 1470 1810 τε
1492 1752 1758 1826 σοφιστὴς

71 1834 212 1894 εἶναι
241 1839 327 1894 καὶ
359 1837 642 1895 παιδεύειν
675 1836 1045 1909 ἀνθρώπους,
1083 1840 1173 1894 καὶ
1212 1836 1508 1910 εὐλάβειαν
1545 1838 1755 1909 ταύτην

64 1917 220 1992 οἶμαι
238 1926 434 1993 βελτίω
451 1924 661 1994 ἐκείνης
678 1920 834 1994 εἶναι,
857 1923 917 1979 τό
936 1921 1228 1994 ὁμολογεῖν
1242 1929 1454 1993 μᾶλλον
1469 1918 1505 1993 ἢ
1522 1926 1754 1991 ἔξαρνον

69 2001 234 2059 εἶναι·
274 2006 362 2060 καὶ
392 2004 560 2070 ἄλλας
588 2003 727 2073 πρὸς
756 2004 927 2077 ταύτῃ
956 2009 1244 2076 ἔσκεμμαι,
1287 2002 1456 2076 ὥστε,
1497 2002 1604 2058 σὺν
1634 2009 1751 2074 θεῷ

73 2090 274 2157 εἰπεῖν,
314 2090 486 2158 μηδὲν
506 2086 692 2143 δεινὸν
713 2087 942 2159 πάσχειν
962 2087 1051 2144 δια
1074 2086 1132 2143 τὸ
1163 2086 1454 2159 ὁμολογεῖν
1485 2083 1752 2157 σοφιστὴς
1787 2097 1819 2141 C

73 2166 230 2228 εἶναι.
271 2174 448 2226 καίτοι
479 2171 653 2227 πολλά
683 2193 743 2243 γε
777 2177 867 2243 ἔτη
887 2169 994 2243 ἤδη
1016 2171 1121 2242 εἰμὶ
1142 2173 1202 2226 έν
1222 2171 1495 2242 τῇτέχνῃ·
1537 2166 1753 2239 καὶγὰρ

71 2250 249 2308 καὶτὰ
270 2253 555 2323 ξύμπαντα
581 2255 759 2311 πολλά
778 2265 874 2326 μοί
890 2257 1062 2311 ἐστιν·
1106 2252 1336 2318 οὐδενὸς
1366 2251 1500 2307 ὅτου
1520 2249 1588 2306 οὐ
1609 2250 1756 2306 πάν-

69 2356 186 2391 των
214 2330 286 2391 ἄν
317 2333 475 2406 ὑμῶν
506 2334 641 2392 καθ’
672 2334 892 2409 ἡλικίαν
921 2335 1099 2407 πατὴρ
1131 2345 1272 2407 εἴην·
1314 2333 1453 2391 ὥστε
1483 2335 1627 2390 πολύ
1660 2356 1755 2406 μοι

68 2413 299 2491 ἥδιστόν
337 2420 512 2490 ἐστιν,
554 2428 607 2476 εἰ
635 2443 686 2475 τι
728 2421 1035 2493 βούλεσθε,
1074 2419 1198 2489 περὶ
1233 2419 1448 2475 τούτων
1484 2416 1755 2474 ἁπάντων

63 2499 323 2558 ἔναντίον
343 2508 456 2556 τῶν
478 2505 643 2558 ἔνδον
673 2501 853 2558 ὄντων
881 2500 982 2559 τόν
1014 2502 1182 2572 λόγον
1202 2509 1495 2558 ποιεῖσθαι.
1537 2503 1625 2558 καὶ
1645 2501 1755 2572 ἐγώ

72 2614 135 2626 -
167 2580 505 2641 ὑπώπτευσα
537 2585 643 2656 γὰρ
676 2587 984 2658 βούλεσθαι
1013 2584 1188 2642 αὐτὸν
1211 2592 1288 2659 τῷ
1307 2606 1362 2640 τε
1381 2587 1642 2659 Προδίκῳ
1665 2585 1756 2642 καὶ

67 2671 148 2742 τῷ
163 2662 342 2742 Ἱππίᾳ
374 2673 723 2735 ἐνδείξασθαι
752 2671 843 2725 καὶ
881 2675 1366 2739 καλλωπίσασθαι,
1407 2667 1492 2724 ὅτι
1531 2668 1756 2735 ἐρασταὶ

69 2745 248 2805 αὐτοῦ
266 2746 560 2822 ἀφιγμένοι
581 2760 849 2824 εἶημεν-
866 2759 936 2808 Τί
954 2745 1077 2823 οὖν,
1098 2757 1242 2825 ἔφην
1258 2751 1383 2824 ἐγώ,
1401 2749 1470 2807 ού
1490 2752 1579 2807 καὶ
1599 2749 1723 2819 1106
1789 2761 1826 2802 D

68 2833 231 2886 δικον
260 2832 351 2888 καὶ
372 2829 589 2889 Ἱππίαν
620 2837 957 2908 ἐκαλέσαμεν
987 2837 1074 2892 καὶ
1108 2834 1237 2899 τούς
1267 2831 1387 2907 μετ’
1414 2831 1628 2902 αὐτῶν,
1665 2835 1757 2888 ἵνα

211 2910 363 2956 mmo
396 2910 466 2957 111.
1450 2916 1505 2958 10
