1962 3112
215 145 321 198 290
823 147 1301 196 ΠΛΑΤΩΝΟΣ
1836 155 1896 199 92

159 295 188 335 Ε
222 304 320 353 ρης
350 281 551 347 ἀδίκως
579 290 859 352 αἴσχιστον
889 279 1057 350 εἶναι,
1100 279 1236 336 οὐδέ
1260 302 1323 350 γε
1351 280 1412 336 τό
1442 283 1744 352 τέμνεσθαι
1763 280 1891 336 οὔτε

219 363 280 420 τὸ
304 370 459 436 σῶμα
480 363 539 419 τὸ
564 362 697 433 ἐμὸν
717 362 843 417 οὔτε
859 360 920 417 τὸ
938 361 1266 434 βαλάντιον,
1299 360 1438 417 ἀλλὰ
1466 361 1528 418 τὰ
1547 363 1776 418 τύπτειν
1800 363 1891 418 καὶ

220 447 313 516 ἐμὲ
333 450 425 501 καὶ
444 443 509 500 τά
530 443 630 516 ἐμοὶ
650 443 853 509 ἀδίκως
871 445 963 498 καὶ
982 446 1201 514 τέμνειν
1220 445 1311 499 καὶ
1331 451 1545 514 αἴσχιον
1563 445 1653 500 καὶ
1671 445 1888 514 κάκιον,

221 528 310 582 καὶ
341 527 593 581 κλέπτειν
618 548 681 596 γε
712 525 823 595 ἅμα
853 528 944 580 καὶ
975 523 1476 593 ἀνδραποδίζεσθαι
1502 527 1593 581 καὶ
1622 547 1891 596 τοιχωρυ-

218 620 334 678 χεῖν
354 609 444 662 καὶ
466 607 783 679 συλλήβδην
812 605 1002 662 ὁτιοῦν
1034 605 1242 679 ἀδικεῖν
1270 609 1360 662 καὶ
1389 606 1480 677 ἐμὲ
1499 609 1589 663 καὶ
1608 607 1674 662 τά
1694 607 1795 677 ἐμοὶ
1813 614 1892 678 τῷ

220 688 509 745 ἀδικοῦντι
535 691 626 745 καὶ
645 689 842 745 κάκιον
862 690 951 744 καὶ
971 697 1184 759 αἴσχιον
1204 687 1345 744 εἶναι
1372 684 1409 759 ἦ
1428 691 1545 759 ἐμοὶ
1564 694 1639 762 τῷ
1660 687 1891 743 ἀδικου-

219 775 383 845 μένῳ.
440 778 612 827 ταῦτα
641 770 775 841 ἡμῖν
805 769 922 825 ἅνω
950 773 1066 826 ἐκεῖ
1088 773 1148 825 ἐν
1166 781 1280 835 τοῖς
1299 771 1516 839 πρόσθε
1537 770 1723 840 λόγοις
1742 768 1892 825 οὕτω

105 866 192 912 509
225 857 497 924 φανέντα,
555 851 627 917 ὡς
662 852 767 922 ἐγώ
806 853 974 923 λέγω,
1022 856 1300 923 κατέχεται
1338 853 1430 907 καὶ
1465 856 1691 922 δέδεται,
1713 854 1802 908 καὶ
1845 856 1892 908 εἰ

222 934 620 1007 ἀγροικότερόν
647 957 697 988 τι
728 939 899 989 εἰπεῖν
932 937 1069 1004 ἔστι,
1110 937 1354 1004 σιδηροῖς
1382 936 1473 989 καὶ
1504 932 1895 1005 ἀδαμαντίνοις

220 1016 432 1086 λόγοις,
469 1014 542 1080 ὡς
569 1021 710 1086 γοῦν
741 1011 814 1069 ἀν
838 1015 1046 1080 δόξειεν
1066 1012 1293 1085 οὑτωσί,
1337 1013 1434 1080 οὕς
1453 1015 1524 1070 σύ
1546 1021 1596 1071 εἰ
1612 1015 1683 1087 μή
1707 1017 1894 1081 λύσεις

219 1095 256 1169 ἢ
277 1103 380 1152 σοῦ
400 1120 480 1162 τις
498 1097 896 1167 νεανικώτερος
910 1139 923 1161 ,
964 1096 1066 1166 οὐχ
1086 1093 1207 1152 οἶόν
1227 1119 1286 1153 τε
1315 1097 1493 1165 ἄλλως
1512 1100 1741 1169 λέγοντα
1759 1094 1796 1169 ἢ
1815 1096 1889 1163 ὠς

222 1179 328 1250 ἐγώ
362 1185 471 1233 νῦν
501 1181 641 1248 λέγω
671 1184 852 1242 καλῶς
879 1180 1087 1248 λέγειν·
1139 1182 1255 1234 ἐπεὶ
1285 1185 1468 1250 ἔμοιγε
1489 1178 1516 1235 ὁ
1541 1179 1706 1245 αὐτὸς
1723 1180 1889 1250 λόγος

219 1263 367 1316 ἐστὶν
397 1258 508 1331 ἀεί,
547 1259 630 1315 ὅτι
659 1259 762 1330 ε’γώ
793 1267 965 1315 ταῦτα
995 1259 1099 1316 οὐκ
1129 1261 1250 1317 οἶδα
1270 1261 1419 1326 ὅπως
1439 1267 1572 1333 ἔχει,
1594 1262 1678 1318 ὅτι
1701 1266 1886 1334 μέντοι

222 1337 303 1399 ὦν
326 1342 431 1412 ἐγώ
453 1343 780 1414 ἐντετύχηκα
795 1386 810 1414 ,
844 1341 1028 1414 ὥσπερ
1049 1350 1184 1414 νῦν,
1218 1342 1400 1409 οὐδεὶς
1429 1341 1544 1410 οἷός
1562 1343 1602 1401 τ’
1625 1348 1771 1401 ἐστὶν
1789 1346 1890 1402 ἅλ-

219 1434 329 1491 λως
358 1429 534 1497 λέγων
561 1425 633 1497 μὴ
666 1424 736 1480 οὐ
766 1428 1162 1496 καταγέλαστος
1191 1425 1343 1482 εἶναι.
1411 1425 1517 1497 ἐγώ
1549 1426 1652 1498 μὲν
1680 1421 1786 1482 οὖν
1815 1420 1890 1483 αὖ

160 1519 190 1560 Β
219 1513 412 1578 τίθημι
430 1514 602 1563 ταῦτα
626 1506 801 1573 οὕτως
821 1513 987 1578 ἔχειν·
1027 1514 1076 1564 εἰ
1104 1509 1161 1564 δὲ
1190 1507 1366 1574 οὕτως
1395 1514 1501 1580 ἔχει
1524 1511 1616 1566 καὶ
1633 1514 1890 1580 μέγιστον

220 1597 335 1645 τῶν
363 1595 550 1645 κακῶν
579 1591 726 1646 ἐστὶν
755 1589 788 1661 ἡ
822 1588 1007 1646 ἀδικία
1035 1595 1110 1662 τῷ
1144 1589 1427 1646 ἀδικοῦντι
1454 1592 1545 1647 καὶ
1575 1595 1651 1646 ἔτι
1682 1591 1881 1646 τούτοτ

220 1679 402 1744 μεῖζον
421 1680 680 1745 μεγίστου
700 1674 885 1744 ὄντος,
914 1680 964 1730 εἰ
977 1673 1098 1730 οἷόν
1117 1697 1202 1746 τε,
1226 1673 1286 1730 τό
1309 1674 1611 1731 ἀδικοῦντα
1630 1675 1702 1748 μὴ
1733 1675 1889 1732 διδό-

219 1779 312 1811 ναι
347 1761 532 1828 δίκην,
570 1762 693 1812 τίνα
724 1753 796 1812 ἀν
832 1757 1104 1828 βοήθειαν
1140 1757 1213 1829 μὴ
1247 1759 1556 1829 δυνάμενος
1590 1757 1890 1828 ἅνθρωπος

220 1845 453 1911 βοηθεῖν
483 1841 661 1912 ἑαυτῷ
688 1842 1087 1909 καταγέλαστος
1115 1838 1187 1895 ἀν
1217 1847 1286 1912 τῇ
1309 1838 1544 1913 ἀληθείᾳ
1565 1849 1677 1911 εἴης
1716 1835 1795 1908 ἀρ’
1820 1838 1890 1895 οὐ

220 1919 444 1993 ταύτην,
457 1920 575 1993 ἥτις
593 1920 890 1993 ἀποτρέψει
906 1919 1007 1991 τὴν
1027 1927 1289 1992 μεγίστην
1305 1919 1464 1993 ἡμῶν
1482 1923 1725 1993 βλάβην;
1749 1919 1888 1977 ἀλλά

175 2033 179 2037 ’
218 2001 391 2075 πολλὴ
416 2001 628 2074 ἀνάγκη
649 2003 855 2074 ταύτην
878 2001 1016 2059 εἶναι
1051 2001 1154 2074 τὴν
1192 2009 1473 2074 αἰσχίστην
1490 2004 1778 2075 βοήθειαν,
1811 1992 1885 2074 μη

222 2088 501 2143 δύνασθαι
530 2093 763 2159 βοηθεῖν
790 2087 924 2158 μήτε
956 2085 1106 2160 αὑτῷ
1124 2088 1259 2159 μήτε
1286 2099 1398 2151 τοῖς
1426 2085 1602 2142 αὑτοῦ
1630 2092 1812 2157 φίλοις
1829 2109 1887 2142 τε

156 2176 188 2219 C
220 2173 312 2227 καὶ
331 2175 567 2238 οἰκείοις,
590 2172 853 2239 δευτέραν
873 2170 932 2226 δὲ
951 2169 1052 2240 τὴν
1070 2177 1171 2225 τοῦ
1189 2171 1452 2239 δευτέρου
1470 2175 1648 2225 κακοῦ
1665 2170 1756 2225 καὶ
1769 2174 1889 2237 τρί-

218 2276 320 2325 την
338 2251 441 2324 τὴν
468 2260 570 2308 τοῦ
590 2257 780 2323 τρίτου
808 2254 899 2308 καὶ
928 2245 1099 2307 τάλλα
1120 2250 1322 2322 οὕτως,
1363 2251 1436 2315 ὡς
1456 2251 1689 2307 ἑκάστου
1707 2257 1887 2305 κακοῦ

219 2338 455 2407 μέγεθος
473 2339 747 2406 πέφυκεν,
770 2332 916 2390 οὕτω
934 2336 1023 2389 καὶ
1042 2333 1244 2397 κάλλος
1263 2340 1362 2387 τοῦ
1382 2331 1625 2388 δυνατὸν
1644 2330 1782 2387 εἶναι
1806 2328 1885 2400 ἐφ’

220 2419 424 2473 ἕκαστα
442 2423 675 2488 βοηθεῖν
695 2418 786 2472 καὶ
803 2415 1036 2486 αἰσχύνη
1053 2422 1156 2470 τοῦ
1172 2414 1261 2485 μή.
1319 2408 1427 2484 ἆρα
1447 2413 1626 2478 ἄλλως
1655 2409 1692 2483 ἦ
1711 2411 1888 2476 οὕτως

218 2505 350 2570 ἔχει,
375 2493 417 2553 ὦ
433 2505 782 2566 Καλλίκλεις;

357 2588 526 2637 ΚΑΛ.
571 2581 691 2638 Οὐκ
715 2581 907 2646 ἄλλως.

355 2669 512 2719 LXV.
590 2669 716 2720 2:52.
773 2671 956 2717 Δυοῖν
975 2655 1079 2717 οὖν
1098 2661 1312 2728 ὄντοιν,
1349 2665 1452 2714 τοῦ
1482 2657 1692 2711 ἀδικεῖν
1720 2678 1776 2711 τε
1795 2658 1886 2712 καὶ

218 2743 562 2814 ἀδικεῖσθαι,
583 2748 766 2815 μεῖζον
785 2747 887 2815 μέν
907 2766 1090 2814 φαμεν
1111 2740 1287 2799 κακὸν
1306 2738 1367 2796 τὸ
1388 2738 1624 2809 ἀδικεῖν,
1661 2743 1885 2793 ἔλαττον

219 2825 278 2883 δὲ
294 2823 355 2883 τὸ
377 2823 699 2884 ἀδικεῖσθαι,
731 2830 789 2882 τί
796 2818 901 2881 οὖν
922 2821 993 2881 ἄν
1009 2821 1568 2896 παρασκευασάμενος
1588 2820 1888 2891 ἄνθρωπος
