<?xml version="1.0" encoding="UTF-8"?>
<!DOCTYPE html PUBLIC "-//W3C//DTD XHTML 1.0 Transitional//EN"
    "http://www.w3.org/TR/xhtml1/DTD/xhtml1-transitional.dtd">
<html xmlns="http://www.w3.org/1999/xhtml" xml:lang="en" lang="en">
 <head>
  <title>
</title>
<meta http-equiv="Content-Type" content="text/html;charset=utf-8" />
  <meta name='ocr-system' content='tesseract 3.04.00' />
  <meta name='ocr-capabilities' content='ocr_page ocr_carea ocr_par ocr_line ocrx_word'/>
</head>
<body>
  <div class='ocr_page' id='page_1' title='image "./dialogisecumdumt03platuoft_0212.png"; bbox 0 0 1962 3112; ppageno 0'>
   <div class='ocr_carea' id='block_1_1' title="bbox 186 83 1854 171">
    <p class='ocr_par' dir='ltr' id='par_1_1' title="bbox 186 83 1854 171">
     <span class='ocr_line' id='line_1_1' title="bbox 186 83 1854 171; baseline 0.001 -13"><span class='ocrx_word' id='word_1_1' title='bbox 186 105 287 158; x_wconf 87' lang='lat'><em>178</em></span> <span class='ocrx_word' id='word_1_2' title='bbox 794 83 1261 171; x_wconf 68' lang='grc' dir='ltr'><em>ΠΛΑΤΩΝΟΣ</em></span> <span class='ocrx_word' id='word_1_3' title='bbox 1796 116 1854 159; x_wconf 86' lang='lat'><em>90</em></span> 
     </span>
    </p>
   </div>
   <div class='ocr_carea' id='block_1_2' title="bbox 68 235 1921 2853">
    <p class='ocr_par' dir='ltr' id='par_1_2' title="bbox 183 235 1851 474">
     <span class='ocr_line' id='line_1_2' title="bbox 186 235 1851 313; baseline 0.001 -18"><span class='ocrx_word' id='word_1_4' title='bbox 186 243 356 311; x_wconf 82' lang='grc' dir='ltr'><em>δῆλον</em></span> <span class='ocrx_word' id='word_1_5' title='bbox 378 237 463 295; x_wconf 81' lang='grc' dir='ltr'><em>ὅτι</em></span> <span class='ocrx_word' id='word_1_6' title='bbox 487 237 556 295; x_wconf 90' lang='grc' dir='ltr'><em>οὐ</em></span> <span class='ocrx_word' id='word_1_7' title='bbox 584 238 683 295; x_wconf 86' lang='grc' dir='ltr'><em>τὸν</em></span> <span class='ocrx_word' id='word_1_8' title='bbox 713 239 962 309; x_wconf 77' lang='grc' dir='ltr'><em>ἰδιώτην·</em></span> <span class='ocrx_word' id='word_1_9' title='bbox 1001 235 1030 293; x_wconf 92' lang='lat'><strong>6</strong></span> <span class='ocrx_word' id='word_1_10' title='bbox 1062 239 1164 308; x_wconf 77' lang='grc' dir='ltr'><em>μὲν</em></span> <span class='ocrx_word' id='word_1_11' title='bbox 1189 237 1296 309; x_wconf 76' lang='grc' dir='ltr'><em>γὰρ</em></span> <span class='ocrx_word' id='word_1_12' title='bbox 1330 240 1546 311; x_wconf 73' lang='grc' dir='ltr'><em>ἰδιώτης</em></span> <span class='ocrx_word' id='word_1_13' title='bbox 1567 238 1650 296; x_wconf 75' lang='grc' dir='ltr'><em>ἀεὶ</em></span> <span class='ocrx_word' id='word_1_14' title='bbox 1668 241 1851 313; x_wconf 81' lang='grc' dir='ltr'><em>καθῄ-</em></span> 
     </span>
     <span class='ocr_line' id='line_1_3' title="bbox 187 314 1851 394; baseline 0.001 -17"><span class='ocrx_word' id='word_1_15' title='bbox 187 344 344 393; x_wconf 91' lang='grc' dir='ltr'><em>ρηται</em></span> <span class='ocrx_word' id='word_1_16' title='bbox 359 343 369 353; x_wconf 87' lang='grc'><em>·</em></span> <span class='ocrx_word' id='word_1_17' title='bbox 423 318 606 391; x_wconf 77' lang='grc' dir='ltr'><em>ὥσπερ</em></span> <span class='ocrx_word' id='word_1_18' title='bbox 649 314 754 375; x_wconf 79' lang='grc' dir='ltr'><em>οὖν</em></span> <span class='ocrx_word' id='word_1_19' title='bbox 793 318 862 376; x_wconf 88' lang='grc' dir='ltr'><em>οὐ</em></span> <span class='ocrx_word' id='word_1_20' title='bbox 893 319 992 375; x_wconf 80' lang='grc' dir='ltr'><em>τὸν</em></span> <span class='ocrx_word' id='word_1_21' title='bbox 1034 321 1293 391; x_wconf 85' lang='grc' dir='ltr'><em>κείμενόν</em></span> <span class='ocrx_word' id='word_1_22' title='bbox 1324 343 1405 386; x_wconf 84' lang='grc' dir='ltr'><em>τις</em></span> <span class='ocrx_word' id='word_1_23' title='bbox 1433 318 1505 377; x_wconf 71' lang='grc' dir='ltr'><em>ἂν</em></span> <span class='ocrx_word' id='word_1_24' title='bbox 1533 322 1851 394; x_wconf 75' lang='grc' dir='ltr'><em>καταβάλοι,</em></span> 
     </span>
     <span class='ocr_line' id='line_1_4' title="bbox 183 401 1849 474; baseline 0 -15"><span class='ocrx_word' id='word_1_25' title='bbox 183 402 321 459; x_wconf 79' lang='grc' dir='ltr'><em>ἀλλὰ</em></span> <span class='ocrx_word' id='word_1_26' title='bbox 340 401 440 458; x_wconf 86' lang='grc' dir='ltr'><em>τὸν</em></span> <span class='ocrx_word' id='word_1_27' title='bbox 460 403 563 473; x_wconf 79' lang='grc' dir='ltr'><em>μὲν</em></span> <span class='ocrx_word' id='word_1_28' title='bbox 584 401 789 458; x_wconf 78' lang='grc' dir='ltr'><em>ἑστῶτά</em></span> <span class='ocrx_word' id='word_1_29' title='bbox 817 422 948 457; x_wconf 87' lang='grc' dir='ltr'><em>ποτε</em></span> <span class='ocrx_word' id='word_1_30' title='bbox 966 402 1269 474; x_wconf 72' lang='grc' dir='ltr'><em>καταβάλοι</em></span> <span class='ocrx_word' id='word_1_31' title='bbox 1293 402 1364 458; x_wconf 78' lang='grc' dir='ltr'><em>ἄν</em></span> <span class='ocrx_word' id='word_1_32' title='bbox 1389 425 1486 474; x_wconf 84' lang='grc' dir='ltr'><em>τις,</em></span> <span class='ocrx_word' id='word_1_33' title='bbox 1510 402 1650 459; x_wconf 71' lang='grc' dir='ltr'><em>ὥστε</em></span> <span class='ocrx_word' id='word_1_34' title='bbox 1669 409 1849 474; x_wconf 89' lang='grc' dir='ltr'><em>κείμε-</em></span> 
     </span>
    </p>

    <p class='ocr_par' dir='ltr' id='par_1_3' title="bbox 115 482 1855 1048">
     <span class='ocr_line' id='line_1_5' title="bbox 115 482 1853 557; baseline 0 -16"><span class='ocrx_word' id='word_1_35' title='bbox 115 490 148 531; x_wconf 88' lang='lat' dir='ltr'>D</span> <span class='ocrx_word' id='word_1_36' title='bbox 182 507 285 541; x_wconf 92' lang='grc' dir='ltr'><em>νον</em></span> <span class='ocrx_word' id='word_1_37' title='bbox 305 490 545 555; x_wconf 82' lang='grc' dir='ltr'><em>ποιῆσαι,</em></span> <span class='ocrx_word' id='word_1_38' title='bbox 566 482 666 539; x_wconf 89' lang='grc' dir='ltr'><em>τὸν</em></span> <span class='ocrx_word' id='word_1_39' title='bbox 685 483 744 539; x_wconf 78' lang='grc' dir='ltr'><em>δὲ</em></span> <span class='ocrx_word' id='word_1_40' title='bbox 763 488 1017 555; x_wconf 89' lang='grc' dir='ltr'><em>κείμενον</em></span> <span class='ocrx_word' id='word_1_41' title='bbox 1037 484 1122 554; x_wconf 79' lang='grc' dir='ltr'><em>οὔ,</em></span> <span class='ocrx_word' id='word_1_42' title='bbox 1145 482 1291 540; x_wconf 79' lang='grc' dir='ltr'><em>οὕτω</em></span> <span class='ocrx_word' id='word_1_43' title='bbox 1311 486 1401 539; x_wconf 88' lang='grc' dir='ltr'><em>καὶ</em></span> <span class='ocrx_word' id='word_1_44' title='bbox 1419 483 1518 540; x_wconf 85' lang='grc' dir='ltr'><em>τὸν</em></span> <span class='ocrx_word' id='word_1_45' title='bbox 1539 484 1853 557; x_wconf 81' lang='grc' dir='ltr'><em>εὐμήχανον</em></span> 
     </span>
     <span class='ocr_line' id='line_1_6' title="bbox 181 562 1854 638; baseline 0 -16"><span class='ocrx_word' id='word_1_46' title='bbox 181 566 316 622; x_wconf 80' lang='grc' dir='ltr'><em>ὄντα</em></span> <span class='ocrx_word' id='word_1_47' title='bbox 337 566 465 622; x_wconf 77' lang='grc' dir='ltr'><em>ποτὲ</em></span> <span class='ocrx_word' id='word_1_48' title='bbox 485 564 765 637; x_wconf 79' lang='grc' dir='ltr'><em>ἀμήχανος</em></span> <span class='ocrx_word' id='word_1_49' title='bbox 785 562 857 621; x_wconf 73' lang='grc' dir='ltr'><em>ἂν</em></span> <span class='ocrx_word' id='word_1_50' title='bbox 874 564 1134 638; x_wconf 76' lang='grc' dir='ltr'><em>συμφορά</em></span> <span class='ocrx_word' id='word_1_51' title='bbox 1154 570 1399 636; x_wconf 76' lang='grc' dir='ltr'><em>καθέλοι,</em></span> <span class='ocrx_word' id='word_1_52' title='bbox 1413 564 1514 621; x_wconf 89' lang='grc' dir='ltr'><em>τόν</em></span> <span class='ocrx_word' id='word_1_53' title='bbox 1533 566 1591 622; x_wconf 76' lang='grc' dir='ltr'><em>δὲ</em></span> <span class='ocrx_word' id='word_1_54' title='bbox 1610 565 1693 622; x_wconf 83' lang='grc' dir='ltr'><em>ἀεὶ</em></span> <span class='ocrx_word' id='word_1_55' title='bbox 1709 565 1854 638; x_wconf 81' lang='grc' dir='ltr'><em>ἀμή-</em></span> 
     </span>
     <span class='ocr_line' id='line_1_7' title="bbox 179 646 1855 720; baseline 0 -16"><span class='ocrx_word' id='word_1_56' title='bbox 179 670 350 719; x_wconf 90' lang='grc' dir='ltr'><em>χανον</em></span> <span class='ocrx_word' id='word_1_57' title='bbox 369 648 503 704; x_wconf 83' lang='grc' dir='ltr'><em>ὄντα</em></span> <span class='ocrx_word' id='word_1_58' title='bbox 524 647 594 703; x_wconf 78' lang='grc' dir='ltr'><em>οὔ</em></span> <span class='ocrx_word' id='word_1_59' title='bbox 609 671 619 681; x_wconf 89' lang='grc'><em>·</em></span> <span class='ocrx_word' id='word_1_60' title='bbox 661 651 750 704; x_wconf 85' lang='grc' dir='ltr'><em>καὶ</em></span> <span class='ocrx_word' id='word_1_61' title='bbox 770 646 871 703; x_wconf 83' lang='grc' dir='ltr'><em>τὸν</em></span> <span class='ocrx_word' id='word_1_62' title='bbox 889 649 1238 720; x_wconf 78' lang='grc' dir='ltr'><em>κυβερνήτην</em></span> <span class='ocrx_word' id='word_1_63' title='bbox 1256 651 1425 720; x_wconf 87' lang='grc' dir='ltr'><em>μέγας</em></span> <span class='ocrx_word' id='word_1_64' title='bbox 1441 647 1648 720; x_wconf 74' lang='grc' dir='ltr'><em>χειμών</em></span> <span class='ocrx_word' id='word_1_65' title='bbox 1667 653 1855 704; x_wconf 83' lang='grc' dir='ltr'><em>ἐπιπε-</em></span> 
     </span>
     <span class='ocr_line' id='line_1_8' title="bbox 185 726 1853 802; baseline 0.001 -16"><span class='ocrx_word' id='word_1_66' title='bbox 185 730 301 786; x_wconf 76' lang='grc' dir='ltr'><em>σῶν</em></span> <span class='ocrx_word' id='word_1_67' title='bbox 341 728 623 801; x_wconf 82' lang='grc' dir='ltr'><em>ἀμήχανον</em></span> <span class='ocrx_word' id='word_1_68' title='bbox 660 726 732 786; x_wconf 77' lang='grc' dir='ltr'><em>ὅίν</em></span> <span class='ocrx_word' id='word_1_69' title='bbox 766 729 1033 801; x_wconf 83' lang='grc' dir='ltr'><em>ποιήσειε,</em></span> <span class='ocrx_word' id='word_1_70' title='bbox 1077 733 1166 787; x_wconf 85' lang='grc' dir='ltr'><em>καὶ</em></span> <span class='ocrx_word' id='word_1_71' title='bbox 1201 730 1454 801; x_wconf 75' lang='grc' dir='ltr'><em>γεωργὸν</em></span> <span class='ocrx_word' id='word_1_72' title='bbox 1487 729 1693 802; x_wconf 78' lang='grc' dir='ltr'><em>χαλεπή</em></span> <span class='ocrx_word' id='word_1_73' title='bbox 1738 729 1853 800; x_wconf 71' lang='grc' dir='ltr'><em>ὥρα</em></span> 
     </span>
     <span class='ocr_line' id='line_1_9' title="bbox 181 808 1852 884; baseline -0.001 -16"><span class='ocrx_word' id='word_1_74' title='bbox 181 816 495 869; x_wconf 80' lang='grc' dir='ltr'><em>ἐπελθοῦσα</em></span> <span class='ocrx_word' id='word_1_75' title='bbox 515 812 800 884; x_wconf 79' lang='grc' dir='ltr'><em>ἀμήχανον</em></span> <span class='ocrx_word' id='word_1_76' title='bbox 823 808 893 866; x_wconf 70' lang='grc' dir='ltr'><em>ἄν</em></span> <span class='ocrx_word' id='word_1_77' title='bbox 926 817 1082 884; x_wconf 89' lang='grc' dir='ltr'><em>θείη,</em></span> <span class='ocrx_word' id='word_1_78' title='bbox 1119 815 1210 869; x_wconf 88' lang='grc' dir='ltr'><em>καὶ</em></span> <span class='ocrx_word' id='word_1_79' title='bbox 1240 816 1433 882; x_wconf 89' lang='grc' dir='ltr'><em>ἰατρὸν</em></span> <span class='ocrx_word' id='word_1_80' title='bbox 1461 810 1634 867; x_wconf 76' lang='grc' dir='ltr'><em>ταύτὰ</em></span> <span class='ocrx_word' id='word_1_81' title='bbox 1664 819 1852 867; x_wconf 82' lang='grc' dir='ltr'><em>ταῦτα.</em></span> 
     </span>
     <span class='ocr_line' id='line_1_10' title="bbox 181 893 1853 970; baseline -0.001 -19"><span class='ocrx_word' id='word_1_82' title='bbox 181 904 260 970; x_wconf 77' lang='grc' dir='ltr'><em>τῷ</em></span> <span class='ocrx_word' id='word_1_83' title='bbox 291 896 392 967; x_wconf 75' lang='grc' dir='ltr'><em>μὲν</em></span> <span class='ocrx_word' id='word_1_84' title='bbox 423 897 528 966; x_wconf 76' lang='grc' dir='ltr'><em>γάρ</em></span> <span class='ocrx_word' id='word_1_85' title='bbox 557 899 739 970; x_wconf 79' lang='grc' dir='ltr'><em>ἐσθλῷ</em></span> <span class='ocrx_word' id='word_1_86' title='bbox 770 899 999 965; x_wconf 87' lang='grc' dir='ltr'><em>ἐγχωρεῖ</em></span> <span class='ocrx_word' id='word_1_87' title='bbox 1026 903 1178 968; x_wconf 78' lang='grc' dir='ltr'><em>κακῷ</em></span> <span class='ocrx_word' id='word_1_88' title='bbox 1211 898 1501 966; x_wconf 78' lang='grc' dir='ltr'><em>γενέσθαι,</em></span> <span class='ocrx_word' id='word_1_89' title='bbox 1546 893 1728 964; x_wconf 74' lang='grc' dir='ltr'><em>ὥσπερ</em></span> <span class='ocrx_word' id='word_1_90' title='bbox 1764 897 1853 951; x_wconf 87' lang='grc' dir='ltr'><em>καὶ</em></span> 
     </span>
     <span class='ocr_line' id='line_1_11' title="bbox 180 977 1516 1048; baseline -0.001 -14"><span class='ocrx_word' id='word_1_91' title='bbox 180 978 304 1048; x_wconf 82' lang='grc' dir='ltr'><em>παρ’</em></span> <span class='ocrx_word' id='word_1_92' title='bbox 327 978 500 1033; x_wconf 74' lang='grc' dir='ltr'><em>ἄλλον</em></span> <span class='ocrx_word' id='word_1_93' title='bbox 518 984 750 1048; x_wconf 84' lang='grc' dir='ltr'><em>ποιητοῦ</em></span> <span class='ocrx_word' id='word_1_94' title='bbox 768 989 1120 1048; x_wconf 81' lang='grc' dir='ltr'><em>μαρτυρεῖται</em></span> <span class='ocrx_word' id='word_1_95' title='bbox 1143 984 1245 1032; x_wconf 87' lang='grc' dir='ltr'><em>τοῦ</em></span> <span class='ocrx_word' id='word_1_96' title='bbox 1265 977 1516 1042; x_wconf 89' lang='grc' dir='ltr'><em>εἰπόντος</em></span> 
     </span>
    </p>

    <p class='ocr_par' dir='ltr' id='par_1_4' title="bbox 321 1056 1843 1205">
     <span class='ocr_line' id='line_1_12' title="bbox 321 1056 1843 1129; baseline -0.001 -14"><span class='ocrx_word' id='word_1_97' title='bbox 321 1058 496 1129; x_wconf 85' lang='grc' dir='ltr'><em>αὐτὰρ</em></span> <span class='ocrx_word' id='word_1_98' title='bbox 545 1056 687 1129; x_wconf 82' lang='grc' dir='ltr'><em>άνὴρ</em></span> <span class='ocrx_word' id='word_1_99' title='bbox 735 1056 950 1129; x_wconf 82' lang='grc' dir='ltr'><em>ἀγαθὸς</em></span> <span class='ocrx_word' id='word_1_100' title='bbox 995 1060 1115 1114; x_wconf 76' lang='grc' dir='ltr'><em>τοτὲ</em></span> <span class='ocrx_word' id='word_1_101' title='bbox 1161 1059 1264 1129; x_wconf 77' lang='grc' dir='ltr'><em>μὲν</em></span> <span class='ocrx_word' id='word_1_102' title='bbox 1308 1059 1502 1128; x_wconf 82' lang='grc' dir='ltr'><em>κακός,</em></span> <span class='ocrx_word' id='word_1_103' title='bbox 1559 1058 1753 1114; x_wconf 74' lang='grc' dir='ltr'><em>ἄλλοτε</em></span> <span class='ocrx_word' id='word_1_104' title='bbox 1797 1063 1843 1114; x_wconf 80' lang='grc' dir='ltr'><em>δ-</em></span> 
     </span>
     <span class='ocr_line' id='line_1_13' title="bbox 857 1141 1077 1205; baseline 0.009 -10"><span class='ocrx_word' id='word_1_105' title='bbox 857 1141 1077 1205; x_wconf 82' lang='grc' dir='ltr'><em>ἐσθλός·</em></span> 
     </span>
    </p>

    <p class='ocr_par' dir='ltr' id='par_1_5' title="bbox 117 1221 1854 1692">
     <span class='ocr_line' id='line_1_14' title="bbox 117 1221 1848 1299; baseline 0 -20"><span class='ocrx_word' id='word_1_106' title='bbox 117 1231 150 1271; x_wconf 84' lang='grc' dir='ltr'>Ε</span> <span class='ocrx_word' id='word_1_107' title='bbox 181 1230 259 1299; x_wconf 75' lang='grc' dir='ltr'><em>τῷ</em></span> <span class='ocrx_word' id='word_1_108' title='bbox 282 1226 338 1279; x_wconf 79' lang='grc' dir='ltr'><em>δὲ</em></span> <span class='ocrx_word' id='word_1_109' title='bbox 359 1230 513 1297; x_wconf 77' lang='grc' dir='ltr'><em>κακῷ</em></span> <span class='ocrx_word' id='word_1_110' title='bbox 533 1222 635 1278; x_wconf 91' lang='grc' dir='ltr'><em>οὐκ</em></span> <span class='ocrx_word' id='word_1_111' title='bbox 657 1225 887 1293; x_wconf 81' lang='grc' dir='ltr'><em>ἐγχωρεῖ</em></span> <span class='ocrx_word' id='word_1_112' title='bbox 899 1225 1188 1295; x_wconf 84' lang='grc' dir='ltr'><em>γενέσθαι,</em></span> <span class='ocrx_word' id='word_1_113' title='bbox 1211 1222 1324 1279; x_wconf 77' lang='grc' dir='ltr'><em>ἄλλ’</em></span> <span class='ocrx_word' id='word_1_114' title='bbox 1345 1222 1428 1278; x_wconf 83' lang='grc' dir='ltr'><em>άεὶ</em></span> <span class='ocrx_word' id='word_1_115' title='bbox 1450 1221 1588 1278; x_wconf 80' lang='grc' dir='ltr'><em>εἶναι</em></span> <span class='ocrx_word' id='word_1_116' title='bbox 1607 1221 1822 1294; x_wconf 78' lang='grc' dir='ltr'><em>ἀνάγκη</em></span> <span class='ocrx_word' id='word_1_117' title='bbox 1837 1244 1848 1255; x_wconf 91' lang='grc'>·</span> 
     </span>
     <span class='ocr_line' id='line_1_15' title="bbox 182 1303 1854 1377; baseline -0.001 -16"><span class='ocrx_word' id='word_1_118' title='bbox 182 1305 322 1361; x_wconf 73' lang='grc' dir='ltr'><em>ὥστε</em></span> <span class='ocrx_word' id='word_1_119' title='bbox 351 1306 449 1361; x_wconf 88' lang='grc' dir='ltr'><em>τὸν</em></span> <span class='ocrx_word' id='word_1_120' title='bbox 482 1306 582 1377; x_wconf 76' lang='grc' dir='ltr'><em>μὲν</em></span> <span class='ocrx_word' id='word_1_121' title='bbox 613 1304 925 1376; x_wconf 81' lang='grc' dir='ltr'><em>εὐμήχανον</em></span> <span class='ocrx_word' id='word_1_122' title='bbox 955 1307 1045 1360; x_wconf 84' lang='grc' dir='ltr'><em>καὶ</em></span> <span class='ocrx_word' id='word_1_123' title='bbox 1076 1304 1258 1375; x_wconf 84' lang='grc' dir='ltr'><em>σοφὸν</em></span> <span class='ocrx_word' id='word_1_124' title='bbox 1276 1306 1368 1360; x_wconf 83' lang='grc' dir='ltr'><em>καὶ</em></span> <span class='ocrx_word' id='word_1_125' title='bbox 1389 1303 1612 1376; x_wconf 81' lang='grc' dir='ltr'><em>ἀγαθὸν</em></span> <span class='ocrx_word' id='word_1_126' title='bbox 1630 1304 1854 1360; x_wconf 79' lang='grc' dir='ltr'><em>ἐπειδὰν</em></span> 
     </span>
     <span class='ocr_line' id='line_1_16' title="bbox 181 1385 1853 1459; baseline 0 -16"><span class='ocrx_word' id='word_1_127' title='bbox 181 1387 459 1459; x_wconf 79' lang='grc' dir='ltr'><em>ἀμήχανος</em></span> <span class='ocrx_word' id='word_1_128' title='bbox 480 1385 741 1458; x_wconf 77' lang='grc' dir='ltr'><em>συμφορὰ</em></span> <span class='ocrx_word' id='word_1_129' title='bbox 763 1390 975 1459; x_wconf 82' lang='grc' dir='ltr'><em>καθέλῃ</em></span> <span class='ocrx_word' id='word_1_130' title='bbox 990 1429 1003 1455; x_wconf 90' lang='grc'>,</span> <span class='ocrx_word' id='word_1_131' title='bbox 1039 1385 1143 1442; x_wconf 86' lang='grc' dir='ltr'><em>οὐκ</em></span> <span class='ocrx_word' id='word_1_132' title='bbox 1164 1391 1276 1442; x_wconf 83' lang='grc' dir='ltr'><em>ἔστι</em></span> <span class='ocrx_word' id='word_1_133' title='bbox 1304 1385 1376 1458; x_wconf 79' lang='grc' dir='ltr'><em>μὴ</em></span> <span class='ocrx_word' id='word_1_134' title='bbox 1400 1385 1469 1441; x_wconf 90' lang='grc' dir='ltr'><em>οὐ</em></span> <span class='ocrx_word' id='word_1_135' title='bbox 1490 1386 1668 1443; x_wconf 87' lang='grc' dir='ltr'><em>κακὸν</em></span> <span class='ocrx_word' id='word_1_136' title='bbox 1689 1393 1853 1459; x_wconf 81' lang='grc' dir='ltr'><em>ἔμμε-</em></span> 
     </span>
     <span class='ocr_line' id='line_1_17' title="bbox 180 1464 1846 1542; baseline 0.001 -17"><span class='ocrx_word' id='word_1_137' title='bbox 180 1493 297 1526; x_wconf 91' lang='grc' dir='ltr'><em>ναι·</em></span> <span class='ocrx_word' id='word_1_138' title='bbox 336 1469 407 1525; x_wconf 83' lang='grc' dir='ltr'><em>σύ</em></span> <span class='ocrx_word' id='word_1_139' title='bbox 431 1472 489 1525; x_wconf 78' lang='grc' dir='ltr'><em>δὲ</em></span> <span class='ocrx_word' id='word_1_140' title='bbox 509 1469 642 1542; x_wconf 82' lang='grc' dir='ltr'><em>φῄς,</em></span> <span class='ocrx_word' id='word_1_141' title='bbox 667 1464 710 1525; x_wconf 73' lang='grc' dir='ltr'><em>ὦ</em></span> <span class='ocrx_word' id='word_1_142' title='bbox 730 1471 989 1538; x_wconf 84' lang='grc' dir='ltr'><em>Πιττακέ,</em></span> <span class='ocrx_word' id='word_1_143' title='bbox 1009 1467 1251 1540; x_wconf 82' lang='grc' dir='ltr'><em>χαλεπὸν</em></span> <span class='ocrx_word' id='word_1_144' title='bbox 1269 1468 1476 1525; x_wconf 82' lang='grc' dir='ltr'><em>ἐσθλὸν</em></span> <span class='ocrx_word' id='word_1_145' title='bbox 1496 1474 1722 1541; x_wconf 83' lang='grc' dir='ltr'><em>ἔμμεναι</em></span> <span class='ocrx_word' id='word_1_146' title='bbox 1738 1492 1748 1502; x_wconf 94' lang='grc'><em>·</em></span> <span class='ocrx_word' id='word_1_147' title='bbox 1787 1469 1846 1526; x_wconf 85' lang='grc' dir='ltr'><strong><em>τό</em></strong></span> 
     </span>
     <span class='ocr_line' id='line_1_18' title="bbox 182 1551 1852 1625; baseline 0 -16"><span class='ocrx_word' id='word_1_148' title='bbox 182 1551 233 1609; x_wconf 83' lang='grc' dir='ltr'><em>δ’</em></span> <span class='ocrx_word' id='word_1_149' title='bbox 249 1556 361 1610; x_wconf 86' lang='grc' dir='ltr'><em>ἐστὶ</em></span> <span class='ocrx_word' id='word_1_150' title='bbox 374 1557 636 1624; x_wconf 83' lang='grc' dir='ltr'><em>γενέσθαι</em></span> <span class='ocrx_word' id='word_1_151' title='bbox 655 1553 756 1624; x_wconf 74' lang='grc' dir='ltr'><em>μὲν</em></span> <span class='ocrx_word' id='word_1_152' title='bbox 773 1553 1030 1624; x_wconf 87' lang='grc' dir='ltr'><em>χαλεπόν,</em></span> <span class='ocrx_word' id='word_1_153' title='bbox 1053 1551 1296 1608; x_wconf 78' lang='grc' dir='ltr'><em>δυνατὸν</em></span> <span class='ocrx_word' id='word_1_154' title='bbox 1315 1552 1373 1608; x_wconf 75' lang='grc' dir='ltr'><em>δὲ</em></span> <span class='ocrx_word' id='word_1_155' title='bbox 1396 1551 1664 1624; x_wconf 80' lang='grc' dir='ltr'><em>[ἐσθλόν],</em></span> <span class='ocrx_word' id='word_1_156' title='bbox 1687 1558 1852 1625; x_wconf 83' lang='grc' dir='ltr'><em>ἔμμε-</em></span> 
     </span>
     <span class='ocr_line' id='line_1_19' title="bbox 180 1634 682 1692; baseline -0.002 -1"><span class='ocrx_word' id='word_1_157' title='bbox 180 1659 272 1692; x_wconf 90' lang='grc' dir='ltr'><em>ναι</em></span> <span class='ocrx_word' id='word_1_158' title='bbox 298 1639 357 1691; x_wconf 80' lang='grc' dir='ltr'><em>ὃὲ</em></span> <span class='ocrx_word' id='word_1_159' title='bbox 375 1634 682 1691; x_wconf 79' lang='grc' dir='ltr'><em>ἀδύνατον·</em></span> 
     </span>
    </p>

    <p class='ocr_par' dir='ltr' id='par_1_6' title="bbox 437 1711 1553 1864">
     <span class='ocr_line' id='line_1_20' title="bbox 439 1711 1553 1790; baseline 0.001 -18"><span class='ocrx_word' id='word_1_160' title='bbox 439 1718 646 1789; x_wconf 79' lang='grc' dir='ltr'><em>πράξας</em></span> <span class='ocrx_word' id='word_1_161' title='bbox 667 1717 804 1788; x_wconf 77' lang='grc' dir='ltr'><em>[μὲν]</em></span> <span class='ocrx_word' id='word_1_162' title='bbox 826 1716 932 1788; x_wconf 78' lang='grc' dir='ltr'><em>γὰρ</em></span> <span class='ocrx_word' id='word_1_163' title='bbox 954 1711 1018 1773; x_wconf 82' lang='grc' dir='ltr'><em>εὐ</em></span> <span class='ocrx_word' id='word_1_164' title='bbox 1036 1724 1143 1782; x_wconf 79' lang='grc' dir='ltr'><em>ποῖς</em></span> <span class='ocrx_word' id='word_1_165' title='bbox 1162 1715 1302 1790; x_wconf 82' lang='grc' dir='ltr'><em>άνήρ</em></span> <span class='ocrx_word' id='word_1_166' title='bbox 1323 1715 1553 1788; x_wconf 79' lang='grc' dir='ltr'><em>ἀγαθός,</em></span> 
     </span>
     <span class='ocr_line' id='line_1_21' title="bbox 437 1798 963 1864; baseline 0 -10"><span class='ocrx_word' id='word_1_167' title='bbox 437 1799 603 1862; x_wconf 86' lang='grc' dir='ltr'><em>κακὸς</em></span> <span class='ocrx_word' id='word_1_168' title='bbox 624 1798 677 1854; x_wconf 75' lang='grc' dir='ltr'><em>δ’</em></span> <span class='ocrx_word' id='word_1_169' title='bbox 701 1805 751 1855; x_wconf 85' lang='grc' dir='ltr'><em>εἰ</em></span> <span class='ocrx_word' id='word_1_170' title='bbox 767 1806 963 1864; x_wconf 74' lang='grc' dir='ltr'><em>κακῶς.</em></span> 
     </span>
    </p>

    <p class='ocr_par' dir='ltr' id='par_1_7' title="bbox 68 1875 1851 2525">
     <span class='ocr_line' id='line_1_22' title="bbox 68 1875 1851 1957; baseline 0.001 -23"><span class='ocrx_word' id='word_1_171' title='bbox 68 1887 156 1934; x_wconf 76' lang='lat'><em>345</em></span> <span class='ocrx_word' id='word_1_172' title='bbox 181 1889 261 1946; x_wconf 91' lang='grc' dir='ltr'><em>τίς</em></span> <span class='ocrx_word' id='word_1_173' title='bbox 292 1875 397 1936; x_wconf 81' lang='grc' dir='ltr'><em>οὖν</em></span> <span class='ocrx_word' id='word_1_174' title='bbox 427 1886 503 1945; x_wconf 89' lang='grc' dir='ltr'><em>εἰς</em></span> <span class='ocrx_word' id='word_1_175' title='bbox 529 1884 820 1957; x_wconf 88' lang='grc' dir='ltr'><em>γράμματα</em></span> <span class='ocrx_word' id='word_1_176' title='bbox 851 1880 1036 1952; x_wconf 83' lang='grc' dir='ltr'><em>άγαθὴ</em></span> <span class='ocrx_word' id='word_1_177' title='bbox 1067 1883 1260 1951; x_wconf 79' lang='grc' dir='ltr'><em>πρᾶξίς</em></span> <span class='ocrx_word' id='word_1_178' title='bbox 1289 1882 1430 1950; x_wconf 82' lang='grc' dir='ltr'><em>ἐστι,</em></span> <span class='ocrx_word' id='word_1_179' title='bbox 1469 1881 1561 1935; x_wconf 82' lang='grc' dir='ltr'><em>καὶ</em></span> <span class='ocrx_word' id='word_1_180' title='bbox 1578 1884 1657 1945; x_wconf 84' lang='grc' dir='ltr'><em>τίς</em></span> <span class='ocrx_word' id='word_1_181' title='bbox 1675 1878 1851 1950; x_wconf 74' lang='grc' dir='ltr'><em>ἄνδρα</em></span> 
     </span>
     <span class='ocr_line' id='line_1_23' title="bbox 184 1959 1850 2035; baseline -0.002 -16"><span class='ocrx_word' id='word_1_182' title='bbox 184 1961 404 2034; x_wconf 80' lang='grc' dir='ltr'><em>ἀγαθὸν</em></span> <span class='ocrx_word' id='word_1_183' title='bbox 427 1974 576 2019; x_wconf 87' lang='grc' dir='ltr'><em>ποιεῖ</em></span> <span class='ocrx_word' id='word_1_184' title='bbox 597 1969 671 2028; x_wconf 85' lang='grc' dir='ltr'><em>εἰς</em></span> <span class='ocrx_word' id='word_1_185' title='bbox 699 1965 1021 2035; x_wconf 87' lang='grc' dir='ltr'><em>γράμματα;</em></span> <span class='ocrx_word' id='word_1_186' title='bbox 1061 1966 1229 2033; x_wconf 81' lang='grc' dir='ltr'><em>δῆλον</em></span> <span class='ocrx_word' id='word_1_187' title='bbox 1252 1960 1336 2016; x_wconf 77' lang='grc' dir='ltr'><em>ὅτι</em></span> <span class='ocrx_word' id='word_1_188' title='bbox 1365 1959 1398 2033; x_wconf 85' lang='grc' dir='ltr'>ἡ</span> <span class='ocrx_word' id='word_1_189' title='bbox 1431 1961 1647 2016; x_wconf 85' lang='grc' dir='ltr'><em>τούτων</em></span> <span class='ocrx_word' id='word_1_190' title='bbox 1663 1962 1850 2033; x_wconf 82' lang='grc' dir='ltr'><em>μάθη-</em></span> 
     </span>
     <span class='ocr_line' id='line_1_24' title="bbox 183 2042 1848 2117; baseline -0.001 -16"><span class='ocrx_word' id='word_1_191' title='bbox 183 2064 280 2111; x_wconf 82' lang='grc' dir='ltr'><em>σις.</em></span> <span class='ocrx_word' id='word_1_192' title='bbox 339 2051 419 2110; x_wconf 89' lang='grc' dir='ltr'><em>τίς</em></span> <span class='ocrx_word' id='word_1_193' title='bbox 450 2045 508 2100; x_wconf 84' lang='grc' dir='ltr'><em>δε</em></span> <span class='ocrx_word' id='word_1_194' title='bbox 532 2043 801 2117; x_wconf 82' lang='grc' dir='ltr'><em>εὐπραγία</em></span> <span class='ocrx_word' id='word_1_195' title='bbox 830 2044 1052 2117; x_wconf 77' lang='grc' dir='ltr'><em>ἀγαθὸν</em></span> <span class='ocrx_word' id='word_1_196' title='bbox 1082 2042 1275 2115; x_wconf 88' lang='grc' dir='ltr'><em>ἰατρόν</em></span> <span class='ocrx_word' id='word_1_197' title='bbox 1304 2055 1473 2111; x_wconf 69' lang='grc' dir='ltr'><em>ποιεῖς</em></span> <span class='ocrx_word' id='word_1_198' title='bbox 1502 2043 1724 2115; x_wconf 79' lang='grc' dir='ltr'><em>δῆλον</em></span> <span class='ocrx_word' id='word_1_199' title='bbox 1702 2043 1786 2100; x_wconf 86' lang='grc' dir='ltr'><em>ότι</em></span> <span class='ocrx_word' id='word_1_200' title='bbox 1815 2043 1848 2116; x_wconf 83' lang='grc' dir='ltr'>ἡ</span> 
     </span>
     <span class='ocr_line' id='line_1_25' title="bbox 181 2124 1847 2199; baseline 0.001 -18"><span class='ocrx_word' id='word_1_201' title='bbox 181 2132 294 2182; x_wconf 75' lang='grc' dir='ltr'><em>τῶν</em></span> <span class='ocrx_word' id='word_1_202' title='bbox 311 2131 644 2198; x_wconf 89' lang='grc' dir='ltr'><em>καμνόντων</em></span> <span class='ocrx_word' id='word_1_203' title='bbox 663 2135 757 2199; x_wconf 86' lang='grc' dir='ltr'><em>τῆς</em></span> <span class='ocrx_word' id='word_1_204' title='bbox 774 2136 1073 2198; x_wconf 86' lang='grc' dir='ltr'><em>θεραπείας</em></span> <span class='ocrx_word' id='word_1_205' title='bbox 1092 2127 1350 2198; x_wconf 84' lang='grc' dir='ltr'><em>μάθησις.</em></span> <span class='ocrx_word' id='word_1_206' title='bbox 1381 2124 1549 2191; x_wconf 85' lang='grc' dir='ltr'><em>κακὸς</em></span> <span class='ocrx_word' id='word_1_207' title='bbox 1565 2126 1624 2182; x_wconf 77' lang='grc' dir='ltr'><em>δε</em></span> <span class='ocrx_word' id='word_1_208' title='bbox 1640 2149 1847 2192; x_wconf 85' lang='grc' dir='ltr'><em>κακως·</em></span> 
     </span>
     <span class='ocr_line' id='line_1_26' title="bbox 181 2207 1850 2281; baseline 0.001 -19"><span class='ocrx_word' id='word_1_209' title='bbox 181 2213 261 2272; x_wconf 91' lang='grc' dir='ltr'><em>τίς</em></span> <span class='ocrx_word' id='word_1_210' title='bbox 296 2210 402 2262; x_wconf 85' lang='grc' dir='ltr'><em>οὐν</em></span> <span class='ocrx_word' id='word_1_211' title='bbox 438 2231 510 2263; x_wconf 89' lang='grc' dir='ltr'><em>αν</em></span> <span class='ocrx_word' id='word_1_212' title='bbox 540 2207 706 2274; x_wconf 84' lang='grc' dir='ltr'><em>κακὸς</em></span> <span class='ocrx_word' id='word_1_213' title='bbox 738 2208 920 2281; x_wconf 82' lang='grc' dir='ltr'><em>ἰατρὸς</em></span> <span class='ocrx_word' id='word_1_214' title='bbox 947 2211 1188 2280; x_wconf 84' lang='grc' dir='ltr'><em>γένοιτο;</em></span> <span class='ocrx_word' id='word_1_215' title='bbox 1239 2208 1460 2279; x_wconf 78' lang='grc' dir='ltr'><em>δῆλον</em></span> <span class='ocrx_word' id='word_1_216' title='bbox 1438 2207 1524 2265; x_wconf 87' lang='grc' dir='ltr'><em>ότι</em></span> <span class='ocrx_word' id='word_1_217' title='bbox 1554 2230 1595 2262; x_wconf 94' lang='grc' dir='ltr'><em>ω</em></span> <span class='ocrx_word' id='word_1_218' title='bbox 1629 2229 1850 2278; x_wconf 89' lang='grc' dir='ltr'><em>πρωτον</em></span> 
     </span>
     <span class='ocr_line' id='line_1_27' title="bbox 182 2286 1847 2365; baseline 0.001 -22"><span class='ocrx_word' id='word_1_219' title='bbox 182 2290 284 2358; x_wconf 90' lang='grc' dir='ltr'><em>μεν</em></span> <span class='ocrx_word' id='word_1_220' title='bbox 303 2286 533 2359; x_wconf 84' lang='grc' dir='ltr'><em>ὑπάρχει</em></span> <span class='ocrx_word' id='word_1_221' title='bbox 553 2294 720 2365; x_wconf 88' lang='grc' dir='ltr'><em>ἰατρω</em></span> <span class='ocrx_word' id='word_1_222' title='bbox 739 2289 939 2362; x_wconf 78' lang='grc' dir='ltr'><em>εἷναι,”</em></span> <span class='ocrx_word' id='word_1_223' title='bbox 910 2310 1091 2346; x_wconf 86' lang='grc' dir='ltr'><em>επειτα</em></span> <span class='ocrx_word' id='word_1_224' title='bbox 1111 2287 1308 2365; x_wconf 77' lang='grc' dir='ltr'><em>άγαθω</em></span> <span class='ocrx_word' id='word_1_225' title='bbox 1330 2294 1522 2361; x_wconf 86' lang='grc' dir='ltr'><em>ἰατρω·</em></span> <span class='ocrx_word' id='word_1_226' title='bbox 1562 2311 1723 2354; x_wconf 89' lang='grc' dir='ltr'><em>ουτος</em></span> <span class='ocrx_word' id='word_1_227' title='bbox 1741 2288 1847 2360; x_wconf 79' lang='grc' dir='ltr'><em>γὰρ</em></span> 
     </span>
     <span class='ocr_line' id='line_1_28' title="bbox 182 2364 1846 2443; baseline 0.001 -21"><span class='ocrx_word' id='word_1_228' title='bbox 182 2364 254 2423; x_wconf 73' lang='grc' dir='ltr'><em>ἂν</em></span> <span class='ocrx_word' id='word_1_229' title='bbox 267 2369 538 2435; x_wconf 80' lang='grc' dir='ltr'><em>καὶκακὸς</em></span> <span class='ocrx_word' id='word_1_230' title='bbox 560 2375 801 2440; x_wconf 86' lang='grc' dir='ltr'><em>γένοιτο·</em></span> <span class='ocrx_word' id='word_1_231' title='bbox 837 2370 990 2443; x_wconf 83' lang='grc' dir='ltr'><em>ἡμεῖς</em></span> <span class='ocrx_word' id='word_1_232' title='bbox 1009 2371 1068 2426; x_wconf 80' lang='grc' dir='ltr'><em>δε</em></span> <span class='ocrx_word' id='word_1_233' title='bbox 1086 2374 1143 2426; x_wconf 95' lang='grc' dir='ltr'><em>οι</em></span> <span class='ocrx_word' id='word_1_234' title='bbox 1160 2376 1404 2441; x_wconf 83' lang='grc' dir='ltr'><em>ἰατρικῆς</em></span> <span class='ocrx_word' id='word_1_235' title='bbox 1424 2375 1634 2426; x_wconf 81' lang='grc' dir='ltr'><em>ἰδιωται</em></span> <span class='ocrx_word' id='word_1_236' title='bbox 1653 2367 1755 2424; x_wconf 87' lang='grc' dir='ltr'><em>οὐκ</em></span> <span class='ocrx_word' id='word_1_237' title='bbox 1777 2369 1846 2424; x_wconf 86' lang='grc' dir='ltr'><em>άν</em></span> 
     </span>
     <span class='ocr_line' id='line_1_29' title="bbox 183 2451 1842 2525; baseline 0.001 -20"><span class='ocrx_word' id='word_1_238' title='bbox 183 2470 314 2505; x_wconf 89' lang='grc' dir='ltr'><em>ποτε</em></span> <span class='ocrx_word' id='word_1_239' title='bbox 331 2458 631 2522; x_wconf 84' lang='grc' dir='ltr'><em>γενοίμεθα</em></span> <span class='ocrx_word' id='word_1_240' title='bbox 651 2476 832 2519; x_wconf 89' lang='grc' dir='ltr'><em>κακως</em></span> <span class='ocrx_word' id='word_1_241' title='bbox 853 2454 1153 2525; x_wconf 82' lang='grc' dir='ltr'><em>πράξαντες</em></span> <span class='ocrx_word' id='word_1_242' title='bbox 1172 2452 1299 2508; x_wconf 85' lang='grc' dir='ltr'><em>οὔτε</em></span> <span class='ocrx_word' id='word_1_243' title='bbox 1322 2453 1494 2521; x_wconf 86' lang='grc' dir='ltr'><em>ἰατροὶ</em></span> <span class='ocrx_word' id='word_1_244' title='bbox 1514 2451 1639 2506; x_wconf 80' lang='grc' dir='ltr'><em>οὔτε</em></span> <span class='ocrx_word' id='word_1_245' title='bbox 1659 2453 1842 2506; x_wconf 90' lang='grc' dir='ltr'><em>τέκτο-</em></span> 
     </span>
    </p>

    <p class='ocr_par' dir='ltr' id='par_1_8' title="bbox 120 2530 1921 2853">
     <span class='ocr_line' id='line_1_30' title="bbox 120 2530 1847 2603; baseline 0 -17"><span class='ocrx_word' id='word_1_246' title='bbox 120 2540 151 2580; x_wconf 86' lang='grc' dir='ltr'><strong>Β</strong></span> <span class='ocrx_word' id='word_1_247' title='bbox 181 2553 272 2596; x_wconf 88' lang='grc' dir='ltr'><em>νες</em></span> <span class='ocrx_word' id='word_1_248' title='bbox 292 2530 417 2587; x_wconf 76' lang='grc' dir='ltr'><em>οὔτε</em></span> <span class='ocrx_word' id='word_1_249' title='bbox 439 2533 569 2589; x_wconf 77' lang='grc' dir='ltr'><em>ἄλλο</em></span> <span class='ocrx_word' id='word_1_250' title='bbox 591 2532 759 2591; x_wconf 74' lang='grc' dir='ltr'><em>οὐδὲν</em></span> <span class='ocrx_word' id='word_1_251' title='bbox 775 2542 887 2590; x_wconf 76' lang='grc' dir='ltr'><em>τῶν</em></span> <span class='ocrx_word' id='word_1_252' title='bbox 905 2534 1173 2590; x_wconf 89' lang='grc' dir='ltr'><em>τοιούτων</em></span> <span class='ocrx_word' id='word_1_253' title='bbox 1189 2555 1199 2566; x_wconf 90' lang='grc'><em>·</em></span> <span class='ocrx_word' id='word_1_254' title='bbox 1239 2532 1386 2598; x_wconf 81' lang='grc' dir='ltr'><em>ὅστις</em></span> <span class='ocrx_word' id='word_1_255' title='bbox 1399 2533 1456 2589; x_wconf 77' lang='grc' dir='ltr'><em>δὲ</em></span> <span class='ocrx_word' id='word_1_256' title='bbox 1474 2531 1546 2603; x_wconf 87' lang='grc' dir='ltr'><em>μὴ</em></span> <span class='ocrx_word' id='word_1_257' title='bbox 1571 2530 1756 2603; x_wconf 84' lang='grc' dir='ltr'><em>ἰατρὸς</em></span> <span class='ocrx_word' id='word_1_258' title='bbox 1777 2530 1847 2586; x_wconf 74' lang='grc' dir='ltr'><em>ἂν</em></span> 
     </span>
     <span class='ocr_line' id='line_1_31' title="bbox 178 2613 1845 2688; baseline 0.001 -20"><span class='ocrx_word' id='word_1_259' title='bbox 178 2615 393 2682; x_wconf 88' lang='grc' dir='ltr'><em>γένοιτο</em></span> <span class='ocrx_word' id='word_1_260' title='bbox 415 2622 596 2680; x_wconf 80' lang='grc' dir='ltr'><em>κακῶς</em></span> <span class='ocrx_word' id='word_1_261' title='bbox 608 2617 831 2686; x_wconf 84' lang='grc' dir='ltr'><em>πράξας,</em></span> <span class='ocrx_word' id='word_1_262' title='bbox 854 2618 1066 2688; x_wconf 80' lang='grc' dir='ltr'><em>δῆλον’</em></span> <span class='ocrx_word' id='word_1_263' title='bbox 1036 2639 1119 2673; x_wconf 93' lang='grc' dir='ltr'><em>οτι</em></span> <span class='ocrx_word' id='word_1_264' title='bbox 1130 2615 1259 2672; x_wconf 80' lang='grc' dir='ltr'><em>οὐδὲ</em></span> <span class='ocrx_word' id='word_1_265' title='bbox 1273 2613 1440 2679; x_wconf 83' lang='grc' dir='ltr'><em>κακὸς</em></span> <span class='ocrx_word' id='word_1_266' title='bbox 1462 2613 1660 2684; x_wconf 85' lang='grc' dir='ltr'><em>ἰατρός.</em></span> <span class='ocrx_word' id='word_1_267' title='bbox 1700 2613 1845 2670; x_wconf 80' lang='grc' dir='ltr'><em>οὕτω</em></span> 
     </span>
     <span class='ocr_line' id='line_1_32' title="bbox 176 2692 1921 2771; baseline 0 -20"><span class='ocrx_word' id='word_1_268' title='bbox 176 2698 266 2752; x_wconf 84' lang='grc' dir='ltr'><em>καὶ</em></span> <span class='ocrx_word' id='word_1_269' title='bbox 306 2694 334 2752; x_wconf 95' lang='lat'><strong>6</strong></span> <span class='ocrx_word' id='word_1_270' title='bbox 373 2720 474 2767; x_wconf 87' lang='grc' dir='ltr'><em>μεν</em></span> <span class='ocrx_word' id='word_1_271' title='bbox 512 2697 725 2767; x_wconf 85' lang='grc' dir='ltr'><em>αγαθός</em></span> <span class='ocrx_word' id='word_1_272' title='bbox 761 2697 904 2771; x_wconf 77' lang='grc' dir='ltr'><em>ἀνὴρ</em></span> <span class='ocrx_word' id='word_1_273' title='bbox 923 2697 1117 2770; x_wconf 86' lang='grc' dir='ltr'><em>γένοιτ’</em></span> <span class='ocrx_word' id='word_1_274' title='bbox 1140 2699 1211 2754; x_wconf 76' lang='grc' dir='ltr'><em>ἄν</em></span> <span class='ocrx_word' id='word_1_275' title='bbox 1230 2719 1360 2754; x_wconf 91' lang='grc' dir='ltr'><em>ποτε</em></span> <span class='ocrx_word' id='word_1_276' title='bbox 1386 2698 1476 2753; x_wconf 87' lang='grc' dir='ltr'><em>καὶ</em></span> <span class='ocrx_word' id='word_1_277' title='bbox 1494 2692 1716 2768; x_wconf 86' lang='grc' dir='ltr'><em>κακόςη</em></span> <span class='ocrx_word' id='word_1_278' title='bbox 1735 2694 1843 2752; x_wconf 81' lang='grc' dir='ltr'><em>ὑπὸ</em></span> <span class='ocrx_word' id='word_1_279' title='bbox 1919 2720 1921 2752; x_wconf 62' lang='lat'>5</span> 
     </span>
     <span class='ocr_line' id='line_1_33' title="bbox 173 2775 1840 2853; baseline 0 -19"><span class='ocrx_word' id='word_1_280' title='bbox 173 2775 381 2848; x_wconf 81' lang='grc' dir='ltr'><em>χρόνου</em></span> <span class='ocrx_word' id='word_1_281' title='bbox 410 2775 446 2850; x_wconf 76' lang='grc' dir='ltr'><em>ἢ</em></span> <span class='ocrx_word' id='word_1_282' title='bbox 474 2776 580 2835; x_wconf 83' lang='grc' dir='ltr'><em>ὑπὸ</em></span> <span class='ocrx_word' id='word_1_283' title='bbox 604 2780 784 2836; x_wconf 87' lang='grc' dir='ltr'><em>πόνου</em></span> <span class='ocrx_word' id='word_1_284' title='bbox 814 2777 849 2852; x_wconf 82' lang='grc' dir='ltr'><em>ἢ</em></span> <span class='ocrx_word' id='word_1_285' title='bbox 870 2778 980 2837; x_wconf 82' lang='grc' dir='ltr'><em>ὑπὸ</em></span> <span class='ocrx_word' id='word_1_286' title='bbox 1001 2783 1177 2838; x_wconf 83' lang='grc' dir='ltr'><em>νόσου</em></span> <span class='ocrx_word' id='word_1_287' title='bbox 1194 2777 1231 2853; x_wconf 76' lang='grc' dir='ltr'><strong><em>ἦ</em></strong></span> <span class='ocrx_word' id='word_1_288' title='bbox 1251 2778 1359 2836; x_wconf 83' lang='grc' dir='ltr'><em>ὑπὸ</em></span> <span class='ocrx_word' id='word_1_289' title='bbox 1382 2779 1555 2836; x_wconf 86' lang='grc' dir='ltr'><em>α’λλου</em></span> <span class='ocrx_word' id='word_1_290' title='bbox 1576 2777 1725 2846; x_wconf 80' lang='grc' dir='ltr'><em>τινὸς</em></span> <span class='ocrx_word' id='word_1_291' title='bbox 1745 2801 1840 2836; x_wconf 90' lang='grc' dir='ltr'><em>πε</em></span> 
     </span>
    </p>
   </div>
   <div class='ocr_carea' id='block_1_3' title="bbox 1908 1717 1962 3112">
    <p class='ocr_par' dir='ltr' id='par_1_9' title="bbox 1908 1717 1962 3112">
     <span class='ocr_line' id='line_1_34' title="bbox 1908 1717 1962 3112; baseline 0 0"><span class='ocrx_word' id='word_1_292' title='bbox 1908 1717 1962 3112; x_wconf 95' lang='lat' dir='ltr'><em> </em></span> 
     </span>
    </p>
   </div>
  </div>
 </body>
</html>
