1962 3112
1758 0 1962 35 .2‚„,4,.93„2

283 114 389 167 302
892 118 1066 164 ΠΛΑ
1083 117 1186 164 Tsz
1199 118 1253 165 N
1267 119 1310 166 0
1323 121 1375 195 ΣΙ
1847 101 1851 104 ’
1877 126 1962 169 104

287 248 426 306 εἶναι
456 253 701 314 ἐκείνους
727 248 944 304 τούτων
972 251 1292 319 ἐκπορίζειν.
1347 258 1572 321 πρᾶγμα
1606 243 1711 305 οὖν
1740 260 1961 321 γελοῖον

286 339 556 404 ποιοῦμεν
587 331 692 402 ἐγώ
719 353 778 386 τε
806 332 899 386 καὶ
927 329 998 385 σὺ
1028 334 1088 387 ἐν
1106 342 1219 395 τοῖς
1238 332 1446 402 λόγοις·
1492 336 1552 389 ἐν
1571 334 1735 388 παντὶ
1754 331 1860 403 γὰρ
1880 339 1957 409 τῷ

283 417 466 489 χρόνῳ
480 458 496 486 ,
517 412 585 469 ὃν
607 412 1003 483 διαλεγόμεθα,
1037 410 1204 468 οὐδὲν
1224 413 1520 484 παυόμεθα
1541 420 1615 480 εἰς
1635 416 1694 471 τό
1716 414 1850 471 αὐτὸ
1875 414 1958 472 ἀεὶ

287 496 712 568 περιφερόμενοι
724 496 814 549 καὶ
826 491 1163 564 ἀγνοοῦντες
1177 495 1476 567 ἀλλήλωνὸ
1494 519 1544 551 τι
1563 499 1808 568 λέγομεν.
1848 496 1954 568 ἐγώ

286 573 393 635 οὖν
429 597 490 634 σε
527 578 791 641 πολλάκις
827 576 975 646 οἶμαι
1000 575 1410 649 ὡμολογηκέναι
1428 580 1518 634 καὶ
1547 580 1863 649 ἐγνωκέναι,
1886 577 1959 644 ῶς

220 680 254 721 1)
286 661 394 730 ἄρα
425 662 573 732 διττὴ
606 659 744 731 αὕτη
774 683 853 725 τις
881 658 912 730 ἡ
946 668 1284 731 πραγματεία
1315 666 1427 716 ἔστι
1455 664 1544 716 καὶ
1576 660 1777 731 περὶτὰ
1800 669 1956 733 σῶμα

287 746 378 799 καὶ
397 747 520 813 περὶ
539 741 644 813 τὴν
663 741 846 813 ψυχήν
862 785 876 812 ,
917 744 1008 797 καὶ
1039 740 1072 812 ἡ
1096 742 1198 812 μὲν
1232 743 1385 810 ἑτέρα
1407 743 1690 813 διακονική
1711 745 1882 814 ἐστιν,
1922 739 1959 816 ᾗ

289 824 535 882 δυνατὸν
555 825 692 881 εἶναι
711 826 1030 894 ἐκπορίζειν,
1047 822 1145 879 ἐὰν
1155 825 1256 895 μὲν
1276 833 1437 896 πεινῇ
1458 823 1522 879 τά
1546 823 1766 894 σώματα
1778 824 1955 896 ἡμῶν,

289 914 456 978 σιτία,
479 908 577 963 ε’ἀν
598 909 655 963 δὲ
678 911 809 979 διψῇ
824 949 836 973 ,
859 907 1026 977 ποτά,
1060 905 1158 962 ἐάν
1179 907 1236 962 δὲ
1257 908 1391 980 ῥιγῶ
1407 949 1421 978 ,
1462 906 1674 978 ἱμάτια,
1702 908 1955 978 στρώμα-

285 1013 377 1060 τα,
414 988 770 1060 ὑποδήματα,
808 987 922 1044 ἄλλ’
950 983 1031 1043 ῶν
1064 994 1272 1059 ἔρχεται
1292 989 1515 1058 σώματα
1536 994 1611 1053 εἰς
1630 993 1954 1061 ἐπιθυμίαν·

284 1074 377 1127 καὶ
397 1073 700 1142 ἐξεπίτηδές
722 1088 810 1126 σοι
829 1070 917 1126 διὰ
935 1078 1048 1125 τῶν
1067 1070 1254 1126 αὐτῶν
1276 1071 1510 1126 εἰκόνων
1528 1073 1690 1142 λέγω,
1703 1076 1794 1127 ἵνα
1816 1071 1958 1146 ῥᾷον

285 1153 627 1225 καταμάθῃς.
696 1154 911 1214 τούτων
955 1153 1061 1224 γὰρ
1100 1154 1420 1222 ποριστικὸν
1458 1153 1597 1208 εἶναι
1631 1151 1666 1225 ἦ
1703 1155 1957 1227 κάπηλον

286 1236 424 1292 ὄντα
440 1233 476 1307 ἢ
502 1241 745 1307 ἔμπορον
774 1232 812 1306 ἦ
842 1237 1184 1307 δημιουργόν
1202 1257 1302 1290 του
1323 1233 1511 1311 αὐτῶν
1526 1235 1765 1304 τούτων,
1806 1255 1954 1292 σιτο-

225 1336 255 1376 E
288 1316 451 1374 ποιὸν
479 1315 516 1389 ἦ
547 1315 821 1384 ὀψοποιὸν
849 1315 886 1390 ἢ
915 1317 1175 1390 ὑφάντην
1206 1315 1242 1389 ἢ
1274 1313 1670 1389 σκυτοτόμονῆ
1691 1323 1952 1374 σκυτοδε-

285 1400 424 1471 ψόν,
465 1398 634 1456 οὐδὲν
671 1401 1004 1471 θαυμαστόν
1033 1403 1180 1456 ἐστιν
1218 1400 1352 1456 ὄντα
1383 1406 1637 1456 τοιοῦτον
1675 1400 1826 1466 δόξαι
1863 1403 1952 1456 καὶ

285 1481 434 1556 αὑτῷ
464 1485 554 1538 καὶ
584 1494 695 1547 τοῖς
724 1482 910 1548 ἄλλοις
938 1483 1292 1555 θεραπευτὴν
1320 1481 1460 1538 εἶναι
1480 1483 1754 1553 σώματος,
1792 1485 1953 1538 παντὶ

283 1572 358 1640 τῷ
380 1563 452 1637 μὴ
477 1565 661 1636 εἰδότι,
683 1563 767 1621 ὅτι
797 1570 908 1620 ἐστι
927 1589 1006 1630 τις
1022 1563 1170 1634 παρὰ
1200 1564 1401 1629 ταύτας
1432 1562 1645 1629 ἁπάσας
1672 1567 1829 1635 τέχνη
1849 1587 1952 1635 γυ·-

284 1647 553 1720 μναστική
573 1670 630 1703 τε
650 1650 740 1703 καὶ
767 1650 1008 1720 ἰατρική,
1046 1646 1080 1719 ἢ
1112 1646 1177 1719 δὴ
1200 1655 1276 1718 τῷ
1305 1646 1423 1702 ὄντι
1454 1650 1562 1703 ἐστὶ
1583 1647 1832 1719 σώματος
1851 1656 1954 1703 θε-

286 1736 510 1804 ραπεία,
548 1730 725 1802 ἥνπερ
755 1734 847 1787 καὶ
876 1731 1147 1803 προσήκει
1175 1730 1390 1786 τούτων
1410 1729 1600 1801 ἄρχειν
1623 1735 1818 1784 πασῶν
1836 1736 1949 1784 τῶν

284 1818 493 1882 τεχνῶν
512 1814 603 1866 καὶ
623 1818 864 1882 χρῆσθαι
882 1825 994 1877 τοῖς
1013 1813 1228 1867 τούτων
1249 1818 1427 1882 ἔργοις
1456 1810 1543 1867 διὰ
1575 1811 1634 1866 τὸ
1667 1813 1896 1881 εἰδέναι,
1919 1810 1952 1866 ὅ

285 1917 336 1949 τι
364 1895 424 1949 τὸ
453 1891 692 1965 χρηστὸν
722 1896 814 1950 καὶ
842 1892 1091 1965 πονηρὸν
1112 1900 1224 1949 τῶν
1244 1891 1484 1964 σιτίωνῆ
1506 1901 1690 1948 ποτῶν
1709 1896 1854 1950 ἐστὶν
1875 1898 1951 1958 εἰς

169 2000 257 2047 513
285 1975 485 2046 ἀρετὴν
499 1974 776 2047 σώματος,
798 1975 893 2040 τάς
913 1975 965 2031 δ’
987 1975 1157 2040 ἄλλας
1180 1975 1355 2040 πάσας
1374 1975 1574 2040 ταύτας
1591 1973 1814 2045 ἀγνοεῖν
1829 1996 1840 2007 ·
1862 1973 1946 2030 διὸ

283 2056 349 2129 δὴ
387 2060 480 2114 καὶ
515 2058 716 2124 ταύτας
753 2060 855 2130 μὲν
891 2063 1285 2128 δουλοπρεπεῖς
1319 2080 1374 2112 τε
1415 2059 1505 2112 καὶ
1528 2055 1842 2122 διακονικὰς
1859 2060 1949 2112 καὶ

282 2139 690 2211 ἀνελευθέρους
711 2140 849 2196 εἶναι
868 2143 992 2211 περὶ
1013 2141 1262 2212 σώματος
1283 2146 1661 2211 πραγματείαν
1675 2182 1689 2209 ,
1728 2137 1823 2204 τοὶς
1850 2139 1949 2193 ἄλ-

279 2230 378 2287 λας
397 2225 587 2293 τέχνας
600 2266 616 2294 ,
635 2222 737 2295 τὴν
759 2223 817 2279 δὲ
841 2223 1224 2294 γυμναστικὴν
1244 2225 1334 2278 καὶ
1355 2221 1605 2293 ἰατρικὴν
1624 2219 1761 2277 κατὰ
1781 2219 1840 2275 τὸ
1865 2224 1948 2275 δί-

282 2328 443 2361 καιον
462 2309 756 2370 δεσποίνας
772 2304 911 2360 εἶναι
930 2306 1161 2361 τούτων.
1215 2304 1387 2361 ταύτά
1419 2298 1523 2360 οὖν
1541 2310 1712 2359 ταῦτα
1731 2302 1816 2358 ὅτι
1835 2307 1945 2357 ἔστι

280 2389 371 2442 καὶ
390 2390 513 2456 περὶ
533 2387 716 2459 ψυχήν
729 2429 744 2457 ,
782 2387 902 2443 τοτὲ
922 2390 1022 2459 μέν
1042 2411 1134 2458 μοι
1156 2392 1334 2452 δοκεῖς
1352 2388 1665 2458 μανθάνειν
1683 2384 1767 2441 ὅτι
1786 2388 1944 2454 λέγω,

280 2472 372 2525 καὶ
398 2468 684 2540 ὁμολογεῖς
715 2467 787 2534 ῶς
818 2469 976 2535 εἰδώς
1004 2469 1035 2526 ὅ
1064 2494 1115 2525 τι
1145 2471 1250 2540 ἐγώ
1281 2473 1450 2540 λέγω·
1508 2469 1657 2541 ἥκεις
1678 2468 1735 2523 δὲ
1756 2466 1942 2537 ὀλίγον

281 2548 515 2620 ὕστερον
544 2551 746 2620 λέγων,
798 2550 882 2606 ὅτι
911 2551 1204 2620 ἄνθρωποι
1233 2556 1387 2607 καλοὶ
1417 2550 1654 2622 κάγαθοὶ
1684 2550 1962 2620 γεγόνασι·

214 2652 247 2692 B
279 2638 492 2686 πολῖται
512 2634 572 2686 ἐν
591 2639 658 2704 τῇ
675 2632 849 2702 πόλει,
865 2636 953 2688 καὶ
974 2633 1196 2689 ἐπειδὰν
1216 2633 1318 2703 ἐγῶ
1339 2637 1520 2703 ἐρωτῶ
1542 2637 1752 2703 οἵτινες,
1769 2636 1946 2697 δοκεῖς

277 2734 371 2783 μοι
401 2711 758 2784 ὁμοιοτάτους
788 2721 1179 2783 προτείνεσθαι
1197 2713 1536 2783 ἀνθρώπους
1555 2714 1764 2783 περὶτὰ
1788 2722 1944 2768 πολι-

277 2794 426 2862 τικά,
465 2792 650 2865 ῶσπερ
671 2790 744 2849 ἄν
774 2799 824 2850 εἰ
851 2795 1058 2866 περὶτὰ
1087 2796 1431 2867 γυμναστικοὶ
1452 2798 1589 2868 ἐμοῦ
1608 2799 1940 2867 ἐρωτῶντος,
