1962 3112
51 108 54 114 ⁴
132 145 187 190 ω
781 131 1154 180 somma».
1713 129 1819 181 259

134 289 358 340 πραττω
376 263 516 323 κατὰ
534 263 634 322 τὸν
652 269 781 338 βίον
798 262 900 320 τὸν
917 267 1177 335 ἐμαυτοῦ,
1203 256 1269 318 εὖ
1284 271 1407 319 ἴσθι
1424 271 1587 320 τοῦτο
1610 262 1695 320 ὅτι
1717 262 1818 336 οὐχ

137 351 281 409 ἑκών
310 348 669 421 ἐξαμαρτάνω
696 345 810 404 ἀλλ’
834 346 1049 421 ἀμαθίᾳ
1079 353 1147 419 τῇ
1174 349 1276 419 ἐμῇ
1286 368 1296 378 ·
1350 346 1421 402 σύ
1451 341 1586 418 οὖν,
1627 345 1814 417 ὥσπερ

134 434 282 506 ἤρξω
303 439 596 487 νουθετεῖν
608 452 693 502 με,
713 430 786 502 μὴ
808 429 1070 502 ἀποστῇς,
1093 427 1208 485 ἀλλ’
1228 432 1433 495 ἱκανῶς
1451 452 1546 502 μοι
1564 433 1816 499 ἔνδειξαι,

143 521 192 572 ἰ’
218 521 330 571 ἔστι
360 521 523 569 τοῦτο
548 510 579 569 ὃ
611 515 997 584 ἐπιτηδευτέον
1023 535 1148 585 μοι,
1187 514 1277 568 καὶ
1304 518 1427 569 τίνα
1456 513 1667 583 τρόπον
1687 535 1820 584 κτη-

143 606 342 671 σαίμην
361 595 434 652 οἶν
453 595 591 653 αὐτό
602 641 619 667 ,
659 599 750 653 καὶ
771 597 869 653 εὀἱν
898 619 966 668 με
985 596 1158 669 λάβῃς
1182 603 1291 651 νῦν
1310 598 1413 667 μέν
1430 613 1519 652 σοι
1542 593 1807 668 ὁμολογή·

143 700 340 750 σαντα,
366 684 427 736 έν
445 682 504 737 δὲ
522 685 596 752 τῷ
619 677 829 753 ὑστέρῳ
851 679 1037 754 χρόνω
1056 678 1129 751 μὴ
1151 687 1323 735 ταῦτα
1343 677 1654 748 πράττοντα
1676 677 1817 750 ἅπερ

141 762 494 836 ὡμολόγησα,
532 763 686 817 πάνυ
712 784 778 833 με
804 760 944 833 ἡγοῦ
975 768 1156 835 βλᾶκα
1187 762 1326 817 εἶναι
1356 763 1446 816 καὶ
1475 763 1667 832 μηκέτι
1686 764 1821 818 ποτέ

143 869 203 919 με
222 845 571 918 νουθετήσῃς
589 844 855 916 ὕστερον,
897 843 971 910 ὥς
990 842 1229 916 μηδενὸς
1250 843 1408 909 ἄξιον
1438 841 1588 899 ὅντα.
1642 846 1695 910 ἐξ
1714 842 1818 914 ἆρ-

141 935 235 1000 χῆς
266 930 330 983 δέ
349 950 442 998 μοι
470 926 811 998 ἐπανάλαβε,
851 933 968 991 πῶς
998 925 1108 999 φῂς
1135 925 1196 982 τό
1230 930 1444 982 δίκαιον
1466 930 1610 997 ἒχειν
1637 924 1819 982 καὶσὺ

139 1013 230 1067 καὶ
246 1014 528 1078 Πίνδαρος
551 1008 612 1066 τό
646 1011 782 1065 κατὰ
816 1011 1020 1081 φύσιν;
1074 1009 1232 1079 ἄγειν
1263 1013 1356 1081 βίᾳ
1386 1007 1486 1064 τὸν
1504 1013 1731 1080 κρείττω
1750 1007 1818 1065 τὰ

137 1101 250 1149 τῶν
276 1091 531 1164 ἡττόνων
559 1094 651 1148 καὶ
689 1092 880 1163 ἄρχειν
919 1092 1022 1148 τὸν
1050 1098 1245 1164 βελτίω
1274 1098 1388 1147 τῶν
1419 1093 1692 1163 χειρόνων
1727 1093 1820 1149 καὶ

141 1179 311 1233 πλέον
334 1180 478 1247 ἔχειν
497 1175 597 1231 τὸν
615 1173 824 1246 ἀμείνω
843 1182 946 1231 τοῦ
977 1179 1358 1247 φαυλοτέρους
1396 1175 1471 1246 μή
1491 1197 1543 1231 τι
1562 1173 1697 1231 ἄλλο
1727 1177 1821 1231 λέ-
1895 1241 1898 1243 ,

143 1282 252 1334 γεις
270 1257 330 1318 τὸ
353 1262 571 1315 δίκαιον
589 1258 757 1331 εἶναι,
780 1256 816 1330 ἦ
836 1257 1027 1329 ὀρθῶς
1046 1261 1351 1331 μέμνημαι;

276 1348 450 1398 XLIII.
527 1347 697 1397 KAA.
779 1340 938 1398 Ἀλλοὶ
976 1349 1148 1398 ταῦτα
1184 1346 1378 1413 ἔλεγον
1425 1343 1515 1398 καὶ
1559 1341 1683 1397 τότε
1729 1343 1822 1396 καὶ

139 1432 248 1482 νῦν
267 1429 424 1496 λέγω.

278 1513 388 1565 ΣΩ
458 1507 712 1579 Πότερον
751 1508 809 1563 δὲ
843 1506 944 1563 τὸν
977 1506 1152 1564 αὐτὸν
1186 1513 1383 1580 βελτίω
1413 1515 1598 1574 καλεῖς
1627 1507 1697 1563 σύ
1729 1511 1819 1564 καὶ

139 1597 397 1661 κρείττω;
435 1590 565 1646 οὐδὲ
594 1590 701 1662 γάρ
732 1614 818 1647 τοι
846 1591 970 1646 τότε
1001 1586 1118 1656 οἷός
1144 1589 1184 1646 τ’
1207 1585 1245 1662 ἦ
1262 1599 1468 1662 μαθεῖν
1487 1609 1592 1647 σου
1611 1597 1668 1647 τί
1682 1611 1812 1647 ποτε
1848 1609 1879 1651 c

138 1678 328 1746 λέγεις.
379 1674 615 1742 πότερον
634 1674 766 1740 τούς
784 1675 1174 1747 ἰσχυροτέρους
1201 1680 1485 1743 κρείττους
1514 1681 1697 1740 καλεῖς
1726 1675 1817 1731 καὶ

141 1762 227 1813 δεῖ
241 1755 555 1827 ἀκροᾶσθαι
574 1766 676 1814 τοῦ
689 1761 1051 1830 ἰσχυροτέρου
1070 1754 1202 1821 τοὺς
1223 1755 1682 1829 ἀσθενεστέρους,
1696 1754 1817 1813 οἷόν

138 1863 234 1912 μοι
262 1844 441 1906 δοκεῖς
462 1843 553 1897 καὶ
581 1841 702 1897 τότε
733 1844 1154 1911 ἐνδείκνυσθαι,
1195 1838 1270 1906 ὥς
1297 1844 1358 1896 αἱ
1379 1841 1612 1913 μεγάλαι
1631 1840 1817 1906 πόλεις

137 1925 222 1980 ἐπὶ
242 1922 339 1989 τάς
358 1921 590 1995 σμικρὰς
605 1923 741 1979 κατὰ
761 1921 819 1979 τὸ
841 1924 1009 1994 φύσει
1022 1927 1238 1979 δίκαιον
1258 1929 1526 1995 ἔρχονται,
1538 1922 1622 1980 ὅτι
1633 1929 1819 1995 κρείτ-

138 2028 268 2072 τους
290 2007 393 2062 εἰσὶ
414 2007 504 2061 καὶ
535 2006 911 2077 ἰσχυρότεραι,
951 2005 1024 2071 ὦς
1052 2005 1112 2062 τὸ
1146 2019 1396 2078 κρεῖττον
1417 2008 1507 2064 καὶ
1527 2006 1783 2079 ἰσχυρότε

140 2110 244 2157 ρον
264 2092 355 2145 καὶ
373 2091 592 2161 βέλτιον
611 2087 815 2145 ταύτὸν
836 2090 930 2161 ὅν,
954 2086 989 2161 ἢ
1009 2094 1121 2145 ἔστι
1139 2095 1335 2162 βελτίω
1352 2089 1454 2161 μὲν
1474 2089 1641 2159 εἶναι,
1669 2089 1814 2160 ἥττω

142 2172 197 2228 δὲ
213 2173 303 2228 καὶ
322 2170 728 2240 ἀσθενέστερον
741 2214 756 2242 ,
788 2173 878 2228 καὶ
898 2178 1124 2242 κρείττω
1145 2172 1247 2243 μὲν
1266 2171 1433 2245 εἶναι,
1470 2174 1814 2248 μοχθηρότε-

141 2276 244 2324 ρον
264 2257 346 2310 δέ·
376 2250 414 2326 ἦ
432 2252 462 2310 ὁ
485 2251 651 2319 αὐτὸς
670 2252 800 2321 ὄρος
819 2256 931 2310 ἐστὶ
960 2262 1062 2310 τοῦ
1090 2261 1372 2327 βελτίονος
1401 2258 1492 2313 καὶ
1511 2264 1613 2312 τοῦ
1631 2260 1815 2325 κρείτ·
1850 2274 1884 2314 D

140 2361 326 2405 τονος;
363 2337 529 2393 τοῦτό
549 2358 642 2407 μοι
662 2335 797 2392 αὐτὸ
820 2343 1012 2408 σαφῶς
1035 2338 1314 2408 διόρισον,
1339 2335 1547 2394 ταύτόν
1565 2334 1602 2411 ἦ
1624 2338 1813 2411 ἕτερόν

139 2424 251 2477 ἐστι
270 2420 331 2476 τό
353 2433 602 2489 κρεῖττον
624 2422 714 2475 καὶ
739 2418 799 2476 τὸ
826 2425 1046 2491 βέλτιον
1066 2421 1155 2476 καὶ
1175 2418 1235 2476 τὰ
1259 2420 1646 2490 ἰσχυρότερονς

281 2509 451 2559 ΚΑΛ.
496 2501 633 2558 Ἀλλ’
647 2501 753 2573 ἐγώ
778 2519 862 2559 σοι
882 2507 1074 2573 σαφῶς
1092 2504 1259 2572 λέγω,
1280 2500 1365 2557 ὅτι
1383 2500 1587 2559 ταύτόν
1606 2506 1770 2560 ἐστιν.

283 2592 406 2644 ΣΩ.
451 2584 680 2642 Οὐκοῦν
701 2588 757 2641 οἱ
772 2587 965 2641 πολλοὶ
984 2591 1085 2640 τοῦ
1105 2582 1228 2650 ἑνὸς
1247 2590 1528 2656 κρείττους
1549 2588 1652 2648 εἰσὶ
1674 2584 1812 2643 κατὰ

142 2668 343 2739 φύσιν;
373 2675 429 2726 οἳ
446 2666 512 2740 δὴ
534 2665 771 2732 καὶτοὺς
791 2667 999 2738 νόμους
1017 2674 1264 2725 τίθενται
1284 2669 1368 2725 ἐπὶ
1387 2675 1464 2743 τῷ
1486 2671 1594 2741 ἑνί,
1633 2668 1814 2735 ὥσπερ

51 2752 57 2786 Ῑ
142 2752 232 2808 καὶ
254 2749 326 2807 σύ
346 2750 470 2820 ἄρτι
489 2756 684 2820 ἔλεγες.

281 2839 451 2890 ΚΑΛ.
486 2839 616 2899 Πῶς
636 2831 743 2904 γὰρ
765 2831 857 2892 οὕς
1494 2912 1562 2962 7*

1471 2918 1489 2960 1
