1962 3112
79 146 148 193 a
571 140 896 190 ΙΠΠΙΑΣ
922 135 1277 190 ΜΕΙΖΩΝ.
1666 137 1770 190 395

87 274 254 346 λόγος
271 276 467 346 ἐλέχθη
482 316 498 343 ,
518 272 604 331 ὅτι
623 272 658 345 ἡ
680 272 772 328 διὰ
789 278 888 345 τῆς
905 272 1087 341 ὅψεως
1103 274 1195 329 καὶ
1215 269 1282 328 δι’
1302 270 1475 344 άκοῆς
1492 271 1671 346 ἡδονὴ
1698 273 1770 332 οὐ

87 356 269 431 τούτῳ
298 354 409 411 εἷεν
433 360 625 425 καλαί,
675 353 712 410 ὅ
737 377 790 410 τι
816 356 1150 427 τυγχάνοιεν
1178 358 1408 427 ἑκατέρα
1445 357 1547 427 μὲν
1576 354 1765 412 αυτῶν
1798 363 1831 408 0

90 437 234 494 εἶναι
260 445 608 507 πεπονθυῖα,
655 435 967 509 ἀμφότεραι
999 437 1059 493 δὲ
1090 437 1193 509 μή,
1228 433 1266 508 ἢ
1294 436 1607 510 ἀμφότεραι
1647 440 1767 509 με’ν,

85 521 315 590 ἑκατέρα
336 520 394 576 δε
413 519 489 591 μή
502 562 518 589 ,
550 517 662 575 ἀλλ’
687 521 906 593 ἐκείνω,
929 513 976 591 ᾦ
996 518 1314 591 ἀμφότεραί
1326 541 1386 576 τε
1407 523 1497 577 καὶ
1518 521 1768 592 ἑκατέρα,

85 603 228 660 διότι
267 603 595 674 συνεχώρεις
631 599 947 673 α’μφοτέρας
983 625 1041 659 τε
1079 601 1249 677 αὐτὰς
1286 602 1428 659 εἶναι
1463 603 1636 670 καλὰς
1671 603 1770 660 καὶ

85 685 367 754 ἑκατέραν.
442 683 647 740 τούτου
687 682 816 755 δὴ”
782 706 944 740 ενεκα
982 691 1050 756 τῇ
1078 683 1242 758 οὐσία
1282 692 1351 757 τῇ
1379 683 1458 741 ἐπ’
1482 684 1771 757 ἀμφότερα

88 766 327 839 ἑπομένῃ
357 765 540 840 ᾤμην,
583 774 736 834 εἴπερ
767 763 1056 836 άμφότερά
1095 769 1208 821 ἐστι
1235 766 1403 838 καλά,
1444 768 1620 840 ταύτῃ
1652 770 1771 822 δεῖν

86 846 227 903 αὐτὰ
247 847 386 904 καλὰ
410 847 576 917 εἶναι,
615 854 682 918 τῇ
703 847 762 903 δὲ
791 845 929 902 κατά
950 844 1016 901 τά
1038 848 1198 917 ἕτερα
1225 845 1636 921 ἀπολειπομένῃ
1660 846 1742 919 μή
1757 869 1769 880 ·

89 933 181 987 καὶ
208 936 286 988 ἔτι
316 939 423 987 νῦν
454 940 660 1003 οἴομαι·
698 929 840 987 ἄλλά
869 951 962 1001 μοι
996 934 1149 1001 λέγε,
1191 929 1377 1002 ὥσπερ
1414 933 1469 997 ἐξ
1501 930 1695 1004 ἀρχῆς·
1734 931 1770 1004 ἡ

85 1011 152 1069 δι’
173 1013 349 1081 ὄψεως
366 1012 539 1085 ἡδονὴ
571 1015 662 1070 καὶ
684 1011 717 1085 ἡ
741 1010 804 1069 δι’
831 1011 1034 1087 άκοῆς,
1078 1021 1231 1084 εἰπερ
1263 1011 1580 1086 άμφότεραί
1602 1011 1645 1071 τ’
1668 1016 1772 1071 εἰσὶ

88 1100 251 1154 καλαὶ
269 1099 362 1155 καὶ
382 1100 610 1167 ἑκατέρα
623 1139 639 1167 ,
676 1091 762 1167 ἆρ’
783 1093 816 1152 ὃ
843 1109 994 1154 ποιεῖ
1018 1094 1190 1161 αὐτάς
1218 1095 1390 1162 καλὰς
1410 1094 1534 1168 οὐχὶ
1550 1099 1643 1155 καὶ
1662 1095 1771 1170 άμ-
1799 1107 1835 1150 D

87 1181 346 1250 φοτέραις
363 1202 424 1250 γε
447 1178 636 1243 αὐταῖς
656 1179 840 1234 ἕπεται
857 1181 949 1236 καὶ
968 1180 1198 1252 ἑκατέρᾳ
1209 1203 1225 1247 ;

232 1278 333 1330 ΙΠ.
370 1271 536 1328 Πάνυ
554 1293 631 1341 γε.

223 1371 346 1420 ΣΩ.
396 1359 500 1434 Ἆρ’
529 1359 634 1421 οὖν
654 1364 738 1420 ὅτι
756 1363 932 1438 ἡδονὴ
957 1368 1186 1435 ἑκατέρα
1204 1363 1244 1422 τ’
1270 1369 1380 1423 ἐστὶ
1412 1368 1505 1423 καὶ
1524 1365 1772 1439 ἀμφότε-

83 1470 205 1517 ραι,
237 1446 327 1503 διὰ
345 1454 509 1503 τοῦτο
532 1443 605 1502 ἂν
635 1447 746 1503 εἷεν
775 1454 944 1505 καλαί
949 1473 962 1513 ;
998 1444 1036 1520 ἦ
1056 1447 1147 1504 διὰ
1165 1455 1332 1504 τοῦτο
1352 1448 1454 1520 μὲν
1472 1450 1566 1506 καὶ
1585 1452 1647 1505 αἰ
1661 1448 1765 1507 ἅλ-

82 1538 175 1587 λαι
194 1538 364 1587 πᾶσαι
393 1527 464 1586 ἂν
483 1530 650 1587 οὐδὲν
672 1532 888 1587 τούτων
916 1525 1083 1604 ἧττον
1102 1531 1213 1588 εἷεν
1231 1538 1401 1589 καλαί
1409 1556 1424 1600 ;
1464 1530 1640 1590 οὐδὲν
1657 1532 1768 1605 γὰρ

92 1607 256 1686 ἧττον
275 1613 470 1683 ἡδοναὶ
491 1613 779 1684 ἐφάνησαν
800 1608 991 1685 οὖσαι,
1014 1619 1065 1670 εἰ
1081 1618 1368 1687 μέμνησαι.

227 1713 327 1764 ΙΠ.
367 1709 685 1777 Μέμνημαι.

224 1806 345 1859 ΣΩ.
379 1798 514 1857 Ἀλλ’
537 1798 623 1856 ὅτι
640 1821 704 1871 γε
725 1798 787 1855 δι’
813 1800 992 1867 ὅψεως
1011 1803 1102 1859 καὶ
1120 1800 1298 1875 ἀκοῆς
1321 1795 1490 1858 αὗταί
1505 1806 1637 1872 εἰσι,
1669 1795 1761 1858 διὰ

79 1889 246 1941 τοῦτο
266 1886 477 1953 ἐλέγετο
498 1881 670 1948 καλὰς
688 1880 859 1947 αὐτας
880 1882 1036 1940 εἶναι.

222 1983 323 2034 ΙΠ.
359 1978 468 2033 Καὶ
494 1977 708 2050 ἐρρήθη
727 1976 919 2044 οὕτως.
1762 2005 1771 2013 ·
1818 1996 1848 2038 R

223 2076 347 2127 ΣΩ.
387 2070 602 2127 Σκόπει
633 2073 720 2142 δέ,
760 2076 809 2128 εἰ
834 2070 1024 2145 ἀληθῆ
1042 2076 1200 2145 λέγω.
1258 2075 1471 2144 ἐλέγετο
1505 2072 1643 2144 γάρ,
1689 2070 1766 2140 ὥς

81 2151 191 2223 ἐγώ
210 2151 425 2223 μνήμης
444 2157 547 2222 ἔχω
561 2195 577 2223 ,
606 2151 750 2209 τοῦτ’
776 2152 916 2210 εἶναι
934 2154 1110 2212 καλὸν
1129 2154 1188 2212 τὸ
1209 2153 1324 2228 ἡδύ
1336 2199 1352 2227 ,
1385 2154 1453 2211 οὐ
1475 2162 1615 2227 πᾶν,
1640 2153 1756 2214 ἀλλ’

82 2229 115 2290 ὃ
136 2229 206 2289 ἄν
231 2230 296 2288 δι’
318 2231 503 2298 ὅψεως
525 2235 615 2289 καὶ
634 2231 807 2307 α’κοῆς
827 2230 876 2307 ᾖ.

227 2331 328 2383 ΙΠ.
375 2324 596 2399 Ἀληθῆ.

223 2414 347 2465 ΣΩ.
405 2406 635 2464 Οὐκοῦν
668 2410 834 2466 τοῦτό
869 2432 932 2481 γε
971 2411 1033 2467 τό
1074 2411 1260 2477 πάθος
1296 2409 1632 2483 ἀμφοτέραις
1664 2414 1766 2486 μὲν

80 2492 296 2560 ἕπεται,
340 2492 569 2564 ἑκατέρᾳ
603 2489 654 2547 δ’
678 2491 776 2558 οὕς
813 2490 883 2548 οὐ
907 2493 1014 2564 γάρ
1047 2514 1158 2548 που
1179 2493 1444 2565 ἑκάτερόν
1462 2516 1525 2566 γε
1555 2495 1763 2564 αὐτῶν,

31 2600 33 2618 1
81 2570 221 2642 ὅπερ
259 2575 321 2628 ἐν
366 2584 479 2637 τοῖς
526 2573 781 2643 πρόσθεν
830 2576 1075 2646 ἐλέγετο,
1125 2574 1191 2631 δι’
1229 2574 1562 2648 ἀμφοτέρων
1597 2579 1765 2648 ἐστίν,

82 2650 206 2710 ἀλλ’
246 2652 533 2726 ἀμφότερα
572 2653 675 2726 μὲν
710 2654 783 2711 δι’
827 2654 1066 2728 ἀμφοῖν,
1105 2657 1368 2727 ἑκάτερον
1405 2655 1459 2714 δ’
1501 2655 1597 2714 οὔ·
1652 2662 1768 2715 ἔστι

37 2790 40 2796 ,
82 2755 285 2803 ταυτας

38 2810 39 2817 ¹
226 2822 328 2875 111.
352 2805 551 2874 ''Eotua
