1994 3100
749 119 1206 167 ΧΑΡΜΙΔΗΣ.
1745 116 1811 168 13

130 259 274 326 ἔφην
291 257 398 326 ἐγω
410 297 427 326 ,
455 259 682 324 Κριτία,
712 259 914 309 τοῦτον
931 252 1036 324 μὲν
1052 250 1221 308 οὐδὲν
1239 250 1568 323 θαυμαστὸν
1587 250 1813 322 ἀγνοεῖν

128 342 457 407 τηλικοῦτον
474 334 634 392 ὄντα·
656 336 715 391 σὲ
735 338 798 390 δέ
809 356 920 390 που
932 331 1080 399 εἰκὸς
1094 334 1298 390 εἰδέναι
1313 335 1404 390 καὶ
1419 331 1630 405 ἡλικίας
1647 335 1807 390 ἕνεκα
1836 340 1870 382 Ε

127 419 220 473 καὶ
238 421 558 489 ἐπιμελείας.
591 421 643 473 εἰ
657 410 763 472 οὖν
782 420 1076 486 ξυγχωρεῖς
1097 412 1250 471 τοῦτ’
1275 413 1416 472 εἶναι
1435 415 1813 487 σωφροσύνην

128 498 266 569 ὅπερ
288 497 476 556 οὑτοσὶ
495 502 669 570 λέγει,
707 499 798 554 καὶ
820 501 1111 568 παραδέχει
1129 495 1229 554 τὸν
1249 498 1447 569 λόγον,
1476 501 1649 568 ἔγωγε
1667 496 1812 553 πολὺ

128 578 201 636 ἂν
234 580 398 653 ἥδιον
432 579 566 653 μετὰ
609 586 714 636 σοῦ
752 583 1090 650 σκοποίμην,
1129 574 1230 635 εἶτ’
1263 578 1470 650 ἄληθες
1496 587 1604 635 εἴτε
1633 579 1707 651 μὴ
1749 575 1812 635 τὸ

127 665 343 734 λεχθέν.
411 661 573 719 Ἀλλα
613 662 766 717 πάνυ
801 666 1090 732 ξυγχωρω,
1126 663 1260 730 ἔφη,
1299 660 1390 715 καὶ
1419 662 1809 731 παραδέχομαι.

128 750 328 810 Καλως
345 766 408 816 γε
428 745 500 800 σὺ
520 750 743 814 τοίνυν,
779 737 854 815 ἦν
873 741 924 798 δ’
956 742 1066 812 ἐγώ
1080 784 1095 811 ,
1135 762 1328 797 ποιων.
1368 746 1465 796 καί
1477 763 1570 812 μοι
1589 744 1738 814 λέγε,
1775 735 1814 814 ἦ

128 824 272 884 καὶ“
238 850 273 882 α
299 833 406 883 νῦν
425 824 543 898 δὴ’
512 826 749 898 ηρσᾶτων
778 825 883 896 ἐγω
917 829 1238 896 ξυγχωρεῖς,
1276 820 1407 888 τούς
1440 822 1815 895 δημιουργοὺς

127 910 341 975 πάντας
369 920 549 964 ποιεῖν
575 931 654 974 τι;
676 907 903 978 ’Ἐγωγε
971 902 1047 963 H
1067 928 1175 964 ουν
1205 909 1442 962 δοκοῦσι’
1468 925 1556 962 σοι
1585 929 1651 962 τα
1681 908 1814 963 ἑαυ-

127 998 242 1048 τῶν
269 990 448 1062 μόνον
478 1000 659 1046 ποιεῖν
687 985 725 1061 ἦ
752 992 844 1045 καὶ
871 988 935 1045 τὰ
965 1012 1079 1045 των
1107 988 1322 1054 άλλων;
1358 990 1468 1044 Καὶ
1495 986 1562 1044 τὰ
1582 994 1694 1045 τῶν
1712 987 1815 1045 α’λ-
1846 995 1927 1041 163

127 1079 257 1128 λων.
331 1078 745 1144 Σωφρονοῦσιν
764 1065 870 1127 οὖν
889 1069 960 1127 οὐ
983 1071 1048 1127 τὰ
1071 1073 1285 1128 ἑαυτῶν
1306 1071 1484 1143 μόνον
1502 1076 1810 1137 ποιοῦντες.

135 1161 205 1211 Τι’
217 1154 327 1225 γὰρ
346 1154 576 1219 κωλύεις
611 1158 735 1226 ἔφη.
796 1152 979 1211 Οὐδὲν
999 1155 1098 1226 ἐμέ
1112 1176 1175 1225 γε
1189 1197 1202 1223 ,
1223 1147 1297 1226 ἦν
1316 1151 1369 1210 δ’
1389 1152 1496 1224 ἐγώ
1514 1174 1525 1186 ·
1558 1150 1680 1209 ἄλλ’
1706 1152 1811 1223 ὅρα

128 1235 203 1308 μὴ
233 1238 450 1293 ἐκεῖνον
476 1236 698 1306 κωλύει,
732 1233 793 1302 ὃς
820 1235 1171 1308 ὑποθέμενος
1190 1235 1567 1308 σωφροσύνην
1586 1234 1727 1292 εἶναι
1748 1234 1808 1292 τὸ

132 1320 199 1375 τὰ
218 1320 423 1375 ἑαυτοῦ
441 1320 703 1389 πράττειν
722 1323 907 1375 ἔπειτα
927 1318 1096 1375 οὐδέν
1124 1336 1263 1390 φησι
1290 1319 1531 1375 κωλύειν
1559 1320 1651 1375 καὶ
1680 1316 1813 1384 τούς

130 1398 196 1458 τὰ
217 1407 332 1457 τῶν
352 1401 541 1458 ἄλλων
558 1401 901 1475 πράττοντας
920 1414 1251 1473 σωφρονεῖν.
1323 1398 1457 1471 Ἐγω
1488 1401 1596 1472 γάρ
1617 1421 1729 1458 που
1742 1444 1757 1473 ,
1777 1394 1815 1472 ἦ

130 1482 183 1539 δ’
205 1481 292 1555 ὃς,
310 1482 479 1540 τοῦθ’
504 1481 863 1556 ὡμολόγηκα,
895 1481 967 1550 ὥς
987 1487 1044 1540 os
1056 1482 1122 1540 τὰ
1140 1490 1254 1541 τῶν
1274 1483 1461 1541 ἄλλων
1479 1484 1814 1556 πράττοντες

129 1572 556 1637 σωφρονοῦσιν,
594 1562 632 1637 ἢ
662 1564 793 1631 τοὺς
821 1573 1119 1632 ποιοῦντας
1147 1564 1504 1638 ὦμολόγησα;
1542 1567 1688 1623 Εἰπέ
1700 1587 1810 1636 μοι,

131 1641 203 1718 ἦν
231 1646 285 1703 δ’
319 1647 455 1718 ἐγώ,
495 1644 565 1703 οὐ
593 1645 799 1704 ταύτόν
826 1655 1010 1714 καλεῖς
1039 1646 1100 1704 τὸ
1132 1660 1311 1706 ποιεῖν
1329 1651 1420 1706 καὶ
1441 1646 1501 1705 τὸ
1524 1648 1812 1720 πράττειν;
1844 1664 1876 1705 Β

133 1726 219 1784 Οὐ
252 1731 469 1800 μέντοι,
507 1734 639 1801 ἔφη’
678 1729 813 1787 οὐδέ
839 1753 902 1802 γε
930 1731 992 1788 τὸ
1023 1731 1353 1802 ἐργάζεσθαι
1390 1732 1482 1788 καὶ
1517 1727 1578 1787 τὸ
1617 1740 1811 1786 ποιεῖν.

128 1815 344 1882 ἔμαθον
361 1809 468 1882 γάρ
489 1810 622 1881 παρ’
651 1810 944 1885 Ἡσιόδου,
977 1810 1037 1879 ὃς
1054 1818 1160 1886 ἔφη
1174 1858 1189 1885 ,
1220 1819 1388 1886 ἔργον
1410 1812 1464 1870 δ’
1486 1810 1653 1869 οὐδὲν
1673 1810 1814 1868 εἶναι

130 1890 359 1959 ὄνειδος.
396 1902 500 1950 οἴει
529 1888 639 1950 οὖν
668 1892 871 1966 αὐτόν,
912 1901 963 1952 εἰ
989 1896 1055 1952 τα
1087 1905 1314 1953 τοιαῦτα
1345 1901 1478 1968 ἔργα
1507 1894 1690 1953 ἐκάλει
1723 1895 1815 1950 καὶ

127 1974 455 2046 ἐργάζεσθαι
473 1977 564 2033 καὶ
585 1976 874 2050 πράττειν,
895 1973 984 2034 οἷα
1003 1985 1112 2035 νῦν
1133 1977 1199 2051 δὴ
1224 1977 1295 2035 σύ
1314 1984 1511 2051 ἔλεγες,
1533 1975 1722 2034 οὐδενὶ
1742 1972 1814 2032 ἄν

127 2055 342 2123 ὄνειδος
370 2057 547 2127 φάναι
579 2056 720 2115 εἶναι
749 2069 1185 2132 σκυτοτομοῦντι
1211 2057 1249 2133 ἦ
1277 2066 1748 2133 ταριχοπωλοῦντι
1777 2053 1814 2129 ἦ

128 2135 220 2195 ἐπ’
241 2141 535 2211 οἰκήματος
552 2146 885 2217 καθημένω;
905 2142 1009 2200 ούκ
1027 2150 1250 2201 οἴεσθαί
1264 2166 1325 2215 γε
1349 2143 1452 2216 χρή
1467 2186 1482 2213 ,
1509 2136 1553 2199 ὦ
1571 2141 1816 2211 Σώκρα-

133 2242 233 2291 τες,
254 2219 395 2278 ἀλλὰ
416 2225 508 2279 καὶ
532 2225 756 2294 ἐκεῖνος,
778 2225 956 2296 οἶμαι,
995 2233 1220 2298 ποίησιν
1250 2226 1498 2296 πράξεως
1526 2225 1617 2280 καὶ
1647 2225 1814 2294 ἐργα-

127 2310 246 2369 σίας
282 2302 418 2361 αλλο
454 2304 691 2377 ἐνόμιζε,
738 2310 830 2364 καὶ
878 2313 1086 2380 ποίημα
1122 2309 1224 2380 μὲν
1260 2313 1552 2379 γίγνεσθαι
1595 2305 1811 2371 ὄνειδος
1841 2295 1870 2358 C

125 2387 327 2455 ἔνι’,οτε
359 2386 496 2443 ὅταν
513 2387 587 2459 μὴ
606 2410 742 2459 μετα
763 2396 865 2446 τοῦ
886 2397 1063 2446 καλοῦ
1082 2396 1361 2462 γύγνηται,
1383 2394 1551 2461 ἔργον
1570 2387 1629 2445 δὲ
1649 2385 1812 2443 οὐδέ-

125 2488 257 2524 ποτε
276 2465 444 2525 οὐδὲν
461 2468 698 2536 ὄνειδος·
718 2494 784 2526 τα
806 2494 912 2543 γαρ
930 2479 1111 2537 καλως
1125 2493 1183 2528 τε
1201 2474 1291 2529 καὶ
1309 2468 1599 2543 ωφελίμως
1614 2468 1813 2526 ποιού-

126 2570 266 2620 μενα
286 2554 417 2622 ἔργα
438 2551 647 2622 ἐκάλει,
677 2555 767 2609 καὶ
786 2555 1043 2624 ἐργασίας
1066 2575 1123 2610 τε
1144 2556 1235 2611 καὶ
1266 2554 1487 2627 πράξεις
1505 2551 1602 2619 τὰς
1619 2551 1811 2609 τοιαύ-

17 2638 30 2676 ῖ
123 2652 220 2697 τας
239 2631 495 2702 ποιήσεις.
530 2634 704 2705 φάναι
725 2637 788 2691 δέ
803 2657 863 2705 γε
893 2634 995 2707 χρὴ
1023 2638 1115 2693 καὶ
1135 2641 1309 2694 οἰκεῖα
1331 2636 1475 2708 μόνα
1496 2635 1561 2691 τὰ
1582 2639 1809 2691 τοιαῦτα

125 2709 382 2783 ἡγεῖσθαι
412 2713 616 2787 αὐτόν,
653 2715 718 2773 τὰ
753 2718 807 2774 δὲ
851 2715 1093 2790 βλαβεροὶ
1123 2719 1304 2776 πάντα
1341 2717 1629 2790 ἀλλότρια·
1668 2714 1806 2773 ὥστε
