1962 3112
94 171 180 217 109
741 161 838 213 ΓΟ
847 164 979 212 ΡῙἿ
987 165 1038 211 A
1047 164 1108 211 Σ.
1655 160 1764 219 ,307

92 314 244 354 σεται
261 296 472 369 αὐτοῖς,
509 294 634 352 ἀλλ’
655 293 838 365 ὥσπερ
867 317 935 366 με
963 293 1168 360 ἀδίκως
1185 293 1467 367 ἀφείλετο,
1508 295 1654 351 οὕτω
1675 299 1764 351 καὶ

92 381 281 452 λαβών
298 377 501 444 ἀδίκως
521 378 803 450 χρήσεται,
842 381 894 433 εἰ
910 377 970 432 δὲ
997 374 1227 447 ἀδίκως,
1248 381 1508 448 αἰσχραῖς,
1531 381 1582 432 εί
1598 377 1658 432 δὲ
1677 380 1766 434 αἰ-

90 470 268 534 σχραῖς
280 507 294 530 ,
312 470 509 527 κακῶς.

233 553 480 603 LXXVII.
555 551 730 602 KAA.
771 543 871 608 Ὦς
892 565 985 613 μοι
1006 546 1208 612 δοκεῖς,
1248 535 1634 611 αἷΣι-όκρατες,
1671 560 1768 599 πῦ-

91 629 310 685 στεύειν
339 627 471 700 μηδ’
504 623 576 683 ἀν
605 630 667 683 ἓν
694 625 911 681 τούτων
941 632 1172 694 παθεῖν,
1218 621 1291 687 ὦς
1321 627 1492 678 οἰκῶν
1510 619 1768 680 ἐκποδὼν

91 711 183 764 καὶ
213 708 316 764 οὐκ
346 708 419 763 ἀν
449 708 724 778 εἰσαχθεὶς
745 709 820 770 εἰς
841 705 1194 776 δικαστήριον
1213 701 1321 758 ὑπὸ
1346 703 1496 759 πάνυ
1513 712 1642 768 ἴσως
1660 723 1768 774 μο-

88 796 306 860 χθηροῦ
324 786 635 858 ἀνθρώπου
653 787 745 843 καὶ
764 786 1000 856 φαύλου.

234 876 359 927 ΣΩ.
413 870 668 942 Ἀνόητος
687 868 796 938 ἄρα
817 875 952 941 εἰμί,
975 891 1017 924 ω
1043 874 1395 938 Καλλίκλεις,
1430 866 1501 932 ὡς
1520 866 1749 938 ἀληθῶὲ
1723 907 1765 935 ,

90 957 141 1008 εἰ
165 951 240 1023 μὴ
270 962 453 1024 οἴομαι
480 955 542 1009 ἐν
573 956 704 1025 τῇδε
734 959 804 1025 τῇ
830 951 986 1007 πόλει
1016 949 1279 1007 ὁντινοῦν
1317 951 1414 1022 άν,
1454 948 1487 1006 ὅ
1515 971 1567 1004 τι
1592 949 1764 1019 τύχοι,

92 1040 256 1090 τοῦτο
289 1043 508 1090 παθεῖν
544 1034 671 1089 τόδε
697 1035 884 1104 μέντοι
916 1055 980 1088 ευ
963 1027 1111 1088 ὀἷδ’
1146 1029 1255 1103 ὅτι,
1293 1033 1497 1103 ἐάνπερ
1521 1036 1670 1087 εἰσίω
1691 1036 1768 1094 εἰς

93 1115 446 1186 δικαστήριον
464 1116 825 1184 περὶτούτων
840 1113 989 1180 τινὸς
1007 1114 1354 1170 κινδυνεύων
1376 1136 1455 1168 ων
1476 1111 1547 1168 σύ
1568 1114 1760 1182 λέγεις,

0 1243 4 1269 ;
94 1196 334 1267 πονηρός
362 1201 444 1261 τίς
470 1218 537 1267 με
566 1201 717 1252 ἔσται
745 1194 774 1252 ὁ
806 1197 1068 1267 εἰσάγων·
1110 1195 1292 1261 οὐδεὶς
1310 1195 1415 1266 γὰρ
1436 1192 1508 1251 ἂν
1527 1191 1762 1266 χρηστὸς
1794 1204 1828 1245 D

94 1275 163 1351 μὴ
186 1276 469 1333 ἀδικοῦντ’
493 1277 802 1348 ἄνθρωπον
819 1278 1127 1349 εἰσαγάγοι·
1165 1278 1256 1333 καὶ
1287 1276 1454 1332 οὐδέν
1471 1298 1534 1348 γε
1556 1274 1765 1332 ἄτοπον

0 1389 8 1427 '.
99 1362 144 1414 εί
157 1355 516 1430 ἀποθάνοιμι.
555 1360 747 1430 βούλει
768 1376 854 1415 σοι
874 1368 1009 1416 εἴπω
1032 1357 1104 1415 δι’
1129 1358 1162 1415 ὅ
1180 1382 1231 1414 τι
1249 1367 1421 1414 ταῦτα
1442 1361 1765 1430 προσδοκσδς

228 1444 400 1495 ΚΑΛ.
453 1441 619 1496 Πάνυ
638 1463 714 1511 γε.

232 1526 357 1577 ΣΩ.
418 1520 584 1592 Οἶμαι
602 1521 708 1592 μετ’
733 1521 938 1592 ὀλίγων
951 1520 1280 1593 Ἀθηναίων,
1300 1526 1393 1577 ἵνα
1412 1520 1485 1593 μὴ
1510 1529 1643 1577 εἴπω
1662 1519 1767 1590 μό-

90 1623 212 1674 νος,
249 1606 540 1672 ἐπιχειρεῖν
566 1610 635 1675 τῇ
666 1601 737 1668 ὥς
765 1602 991 1673 ἀληθῶς
1020 1610 1274 1675 πολιτικῇ
1301 1607 1462 1675 τέχνῃ
1479 1604 1570 1658 καὶ
1590 1601 1766 1669 πράτ-

92 1705 209 1739 τειν
226 1684 292 1738 τά
312 1683 560 1739 πολιτικὰ
578 1684 751 1755 μόνος
767 1691 880 1739 τῶν
900 1690 1031 1739 νῦν·
1070 1683 1164 1739 ἅτε
1199 1678 1307 1739 οὖν
1339 1683 1408 1740 οὐ
1438 1681 1576 1753 πρὸς
1606 1681 1767 1752 χάριν

92 1770 270 1836 λέγων
288 1763 420 1831 τοῦς
440 1765 643 1836 λόγους
663 1763 760 1830 οὓς
779 1769 920 1836 λέγω
940 1766 1210 1835 ἑκάστοτε,
1233 1765 1372 1822 ἀλλὰ
1392 1764 1531 1836 πρὸς
1551 1763 1610 1820 τό
1635 1766 1764 1836 βέλ-

89 1865 277 1902 τιστον
291 1889 307 1913 ,
347 1845 415 1902 οὐ
447 1845 585 1917 πρὸς
602 1846 663 1901 τὸ
683 1846 938 1917 ἥδιστον,
977 1850 1068 1902 καὶ
1090 1846 1191 1903 οὐκ
1212 1849 1425 1903 ἐθέλων
1445 1857 1621 1901 ποιεῖν
1641 1843 1677 1899 δι’
1695 1845 1766 1898 σύ

90 1939 391 1997 παραινεῖς,
410 1927 475 1982 τὰ
501 1926 686 1998 κομψά
707 1936 896 1995 ταῦτα,
917 1927 1018 1999 οὐχ
1034 1931 1134 1995 ἔξω
1154 1928 1188 1985 ὅ
1205 1952 1257 1984 τι
1276 1933 1414 1999 λέγω
1434 1933 1495 1984 ἐν
1513 1933 1588 2001 τςό
1610 1930 1767 1982 δικα-

91 2014 311 2083 στηρίῳ.
350 2007 380 2065 ὁ
412 2006 581 2073 αὐτὸς
619 2011 684 2065 δέ
707 2032 801 2080 μοι
831 2010 953 2080 ἥκει
981 2011 1169 2080 λόγος,
1201 2009 1374 2080 ὅνπερ
1405 2008 1544 2079 πρὸς
1561 2014 1766 2064 Πῶλον

92 2095 283 2161 ἔλεγον
296 2112 307 2123 ·
347 2097 643 2160 κρινοῦμαι
669 2091 776 2161 γὰρ
801 2090 874 2156 ὥς
892 2094 953 2147 ἐν
972 2095 1209 2156 παιδίοις
1230 2091 1414 2163 ἰατρὸς
1433 2089 1505 2147 ἀν
1524 2095 1766 2159 κρίνοιτο

94 2176 535 2241 κατηγοροῦντος
553 2170 840 2236 ὀψοποιοῦ.
884 2172 1075 2227 σκόπει
1103 2171 1238 2243 γάρ,
1275 2178 1333 2227 τί
1346 2169 1418 2228 ἂν
1438 2171 1766 2241 ἀπολογοῖτο

94 2251 123 2308 ὁ
145 2259 395 2317 τοιοῦτος
412 2252 714 2321 ἅνθρωπος
737 2254 798 2307 ἐν
817 2252 1029 2317 τούτοις
1049 2259 1310 2323 ληφθείς,
1334 2258 1384 2309 εί
1402 2252 1577 2308 αὐτοῦ
1597 2273 1766 2322 κατη-

90 2345 256 2404 γοροτ
267 2355 347 2397 τις
366 2335 542 2402 λέγων
563 2331 647 2387 ὅτι
680 2326 722 2387 ὦ
750 2337 963 2403 παῖδες,
1003 2334 1178 2390 πολλὰ
1211 2333 1352 2405 ὑμᾶς
1381 2336 1471 2390 καὶ
1499 2333 1640 2389 κακὰ
1670 2331 1766 2388 ὅδε

94 2423 373 2485 εἴργασται
403 2412 545 2484 ἀνὴρ
576 2415 666 2469 καὶ
704 2412 934 2482 αὐτούς,
974 2417 1065 2470 καὶ
1097 2415 1227 2480 τούς
1264 2416 1571 2479 νεωτάτους
1608 2411 1767 2485 ὑμῶν

93 2499 405 2566 διαφθείρει
425 2499 639 2565 τέμνων
658 2515 714 2549 τε
731 2496 817 2550 καὶ
835 2494 1006 2565 κάων,
1027 2499 1115 2550 καὶ
1135 2501 1433 2567 ἰσχναίνων
1451 2495 1542 2551 καὶ
1555 2499 1768 2565 πνίγων

92 2575 323 2645 ἀπορεῖν
351 2589 517 2641 ποιεῖ,
560 2576 860 2643 πικρότατα
891 2577 1107 2646 πόματα
1138 2577 1326 2644 διδούς
1345 2580 1435 2634 καὶ
1454 2583 1652 2650 πεινῆν
1677 2578 1768 2633 καὶ

96 2661 264 2730 διψῇν
292 2655 646 2727 ἀναγκάζων,
683 2654 783 2726 οὐχ
814 2655 997 2726 ὥσπερ
1028 2655 1133 2727 ἐγώ
1166 2658 1342 2715 πολλὰ
1378 2661 1470 2715 καὶ
1505 2655 1638 2729 ἡδέα
1676 2659 1766 2712 καὶ

95 2738 417 2794 παντοδαπὰ
449 2737 700 2809 εὐώχουν
730 2735 895 2807 ὑμᾶς’
932 2743 990 2793 τί
1013 2733 1084 2793 ἀν
1113 2746 1214 2795 οἴει
1243 2741 1302 2795 ἐν
1321 2739 1497 2812 τούτῳ
1519 2744 1593 2813 τῷ
1613 2744 1766 2812 κακῷ

94 2818 492 2888 ἀποληφθέντα
523 2818 715 2885 ἰατρὸν
746 2824 887 2888 ἔχειν
917 2823 1114 2885 elnam
1153 2817 1188 2890 ἢ
1227 2825 1277 2876 εἰ
1311 2829 1453 2877 εἴποι
1490 2818 1592 2891 τὴν
1629 2818 1765 2889 ἀλή-

1414 2899 1507 2944 20*

1796 2505 1882 2551 522
