1962 3112
7 95 10 97 ⁵
84 137 145 183 ⁶9
173 91 181 94 ⁸
607 97 613 102 ’
639 127 801 175 ΠΡΩ
819 128 918 175 TA
930 127 1028 175 Γο
1040 127 1206 175 ΡΑΣ.
1656 124 1758 180 157

87 271 318 333 λοιῖντα,
340 263 429 318 καὶ
452 262 526 334 μὴ
547 258 780 332 ἐφθόνει
797 260 1028 330 τούτου,
1069 258 1254 331 ὥσπερ
1276 263 1381 316 νῦν
1396 267 1510 316 τῶν
1530 263 1758 316 δικαίων

86 348 307 402 καὶτῶν
329 348 576 416 νομίμων
591 339 771 407 οὐδεὶς
790 348 1002 412 φθονεῖ
1013 338 1132 396 οὐδ’
1151 339 1555 412 ἀποκρύπτεται
1574 341 1757 414 ὥσπερ
1790 352 1822 392 Β

90 434 202 483 τῶν
220 425 407 482 ἄλλων
426 424 800 497 τεχνημάτων·
822 430 1095 479 λυσιτελεῖ
1108 422 1214 495 γάρ
1228 466 1243 493 ,
1266 422 1432 495 οἶμαι,
1453 421 1584 496 ἡμῖν
1602 423 1635 496 ἡ
1658 424 1761 481 ἀλ-

88 510 273 580 λη’λων
295 508 619 579 δικαιοσύνη
648 509 738 563 καὶ
766 504 933 578 ἀρετή
949 528 960 539 ·
1004 505 1092 561 διά
1115 513 1288 563 ταῦτα
1314 514 1419 573 πᾶς
1436 509 1599 564 παντὶ
1619 529 1762 578 προ-

89 590 289 661 θύμως
316 591 460 660 λέγει
489 590 580 644 καὶ
609 586 855 642 διδάσκει
883 588 972 643 καὶ
990 584 1055 642 τὰ
1077 592 1257 643 δίκαια
1277 588 1448 644 καὶτὰ
1470 589 1690 660 νόμιμα.
1712 594 1762 646 εἰ

85 666 194 727 οὖν
213 671 363 727 οὕτω
386 674 474 726 καὶ
497 673 555 725 ἐν
571 667 800 739 αὐλήσει
823 674 1006 725 πᾶσαν
1025 676 1346 741 προθυμίαν
1365 671 1454 726 καὶ
1474 668 1759 741 ἀφθονίαν

91 762 308 823 εἴχομεν
327 751 603 823 ἀλλήλους
623 750 931 820 διδάσκειν,
964 758 1063 806 οἴει
1086 749 1156 805 ἄν
1179 773 1259 821 τι,
1292 757 1427 823 ἔφη,
1450 759 1691 824 μᾶλλον,
1713 775 1755 808 ω

85 834 408 904 Σώκρατες,
440 839 554 889 τῶν
572 830 806 904 ἀγαθῶν
829 830 1084 902 αὐλητῶν
1102 829 1354 903 ἀγαθοὺς
1372 831 1610 905 αύλητας
1629 832 1757 899 τοὺς

92 918 222 981 υἱεῖς
240 923 528 986 γίγνεσθαι
552 911 589 987 ἢ
608 922 719 971 τῶν
739 915 1002 986 φαύλων;
1042 913 1187 986 οἶμαι
1206 936 1308 986 μεν
1329 936 1424 986 ου,
1463 913 1654 971 ἀλλά““’
1622 936 1757 971 οτου

89 1005 279 1070 ἔτυχεν
310 996 339 1054 ὁ
372 997 492 1063 υίὸς
522 995 890 1068 εὐφυέστατος
908 996 1205 1068 γενόμενος
1225 1001 1300 1063 εἰς
1318 997 1570 1069 αὔλησιν,
1594 990 1757 1064 οὗτος
1788 1011 1819 1054 C

85 1079 160 1137 ἄν
178 1082 464 1153 ἐλλόγιμος
482 1079 729 1153 ηὐξήθη,
770 1080 903 1136 ὅτου
925 1080 980 1136 δὲ
1002 1078 1211 1152 ἀφυής,
1251 1078 1471 1152 ἀκλεής·
1511 1082 1600 1135 καὶ
1620 1087 1758 1135 πολ-

90 1165 244 1230 λάκις
262 1164 365 1235 μὲν
394 1162 615 1235 ἀγαθοῦ
646 1162 888 1235 αὐλητοῦ
918 1171 1130 1234 φαῦλος
1158 1160 1230 1219 ἄν
1249 1161 1451 1235 ἀπέβη,
1490 1163 1756 1229 πολλάκις

89 1245 142 1301 δ’
182 1242 254 1300 ἄν
290 1247 514 1317 φαύλου
551 1244 786 1316 ἀγαθός·
824 1243 945 1302 ἀλλ’
981 1240 1085 1301 οὖν
1115 1244 1344 1317 αὐληταὶ
1380 1251 1520 1317 γοῦν
1555 1247 1758 1312 πάντες

91 1324 232 1400 ἦσαν
266 1331 446 1385 suavo).
477 1326 550 1394 ὥς
578 1326 716 1398 πρὸς
746 1326 877 1394 τοὺς
904 1328 1121 1393 ἰδιώτας
1154 1330 1244 1383 καὶ
1272 1328 1444 1399 μηδὲν
1474 1327 1758 1401 αὐλήσεως

86 1414 389 1475 ἐπαῖοντας.
413 1409 588 1475 οὕτως
605 1418 727 1466 οἴου
746 1412 835 1466 καὶ
853 1417 979 1482 νῦν,
1002 1409 1151 1476 ὅστις
1170 1428 1256 1465 σοι
1275 1408 1608 1476 ἀδικώτατος
1627 1416 1760 1482 φαί-

92 1515 238 1549 νεται
265 1492 566 1563 ἅνθρωπος
591 1499 704 1547 τῶν
733 1495 793 1548 ἐν
821 1493 1013 1563 νόμοις
1042 1494 1132 1548 καὶ
1161 1491 1481 1565 ἀνθρώποις
1513 1502 1759 1564 τεθραμ-

3 1569 10 1574 ”
85 1577 297 1646 μένων,
338 1578 552 1631 δίκαιον
582 1573 755 1630 αὐτὸν
788 1574 925 1630 εἶναι
955 1576 1047 1630 καὶ
1078 1575 1416 1645 δημιουργὸν
1438 1576 1639 1632 τούτου
1658 1581 1758 1631 τοῦ

5 1645 14 1659 ’
88 1658 430 1728 πράγματος,
472 1662 523 1713 εἰ
555 1659 667 1713 δέοι
705 1655 877 1712 αὐτὸν
908 1664 1197 1726 κρίνεσθαι
1225 1656 1363 1728 πρὸς
1399 1656 1754 1728 ἀνθρώπους,
1788 1664 1823 1705 D

86 1734 169 1804 οἷς
196 1739 330 1810 μήτε
359 1742 573 1795 παιδεία
602 1740 712 1796 ἐστὶ
740 1740 876 1811 μήτε
907 1738 1227 1809 δικαστήρια
1254 1737 1387 1810 μήτε
1425 1739 1586 1810 νόμοι
1619 1738 1755 1810 μηδὲ

86 1820 300 1892 ἀνάγκη
329 1825 563 1892 μηδεμία
594 1818 683 1876 διὰ
714 1820 919 1886 παντὸς
947 1820 1330 1891 ἀναγκάζουσα
1359 1819 1552 1893 ἀρετῆς
1571 1824 1759 1893 ἐπιμε-

16 1963 22 1971 ..
83 1909 319 1973 λεῖσθαι,
343 1900 462 1957 ἀλλ’
489 1902 599 1958 εἶεν
617 1902 806 1973 ἀγριοί
818 1925 978 1973 τινες,
1000 1897 1112 1958 οἷοί
1129 1924 1231 1973 περ
1252 1900 1349 1968 οὓς
1369 1907 1564 1973 πέρυσι
1584 1909 1755 1972 Φερε-

15 2040 21 2049 ,
87 1986 290 2055 κράτης
318 1981 347 2039 ὁ
380 1982 604 2056 ποιητὴς
633 1987 878 2050 ἐδίδαξεν
899 1986 984 2041 ἐπὶ
1004 1990 1243 2058 Ληναίῳ.
1274 1979 1310 2057 ἦ
1330 1984 1549 2055 σφόδρα
1569 1988 1629 2040 ἐν
1646 1996 1759 2050 τοῖς

88 2064 358 2131 τοιούτοις
385 2064 706 2135 ἀνθρώποις
736 2066 1055 2137 γενόμενος,
1093 2065 1276 2137 ὥσπερ
1308 2070 1365 2122 οἱ
1389 2069 1449 2123 ἐν
1469 2070 1659 2141 ἐκείνῳ
1680 2072 1757 2137 τῷ

16 2142 18 2146 ’
86 2153 231 2221 χορῷ
267 2147 683 2218 μισάνθρωποι,
723 2148 1030 2219 ἀγαπήσαις
1066 2147 1164 2220 ἄν,
1210 2154 1259 2206 εί
1291 2149 1536 2220 ἐντύχοις
1566 2147 1758 2220 Εὐρυ-

84 2229 233 2301 βάτῳ
253 2231 342 2284 καὶ
361 2229 691 2302 Φρυνώνδᾳ,
714 2233 802 2285 καὶ
825 2228 1191 2302 ἀνολοφύραι’
1214 2228 1285 2286 ἂν
1305 2239 1502 2287 ποθῶν
1522 2229 1623 2303 τὴν
1642 2237 1755 2287 τῶν
1784 2244 1818 2285 Ε

85 2310 288 2368 ἐνθάδε
309 2308 626 2379 ἀνθρώπων
645 2317 939 2384 πονηρίαν·
972 2319 1079 2368 νῦν
1100 2312 1158 2368 δὲ
1181 2320 1423 2388 τρυφᾷς,
1455 2306 1499 2369 ὦ
1519 2310 1757 2383 Σώκρατ

84 2413 199 2463 τες,
220 2391 358 2448 διότι
378 2393 579 2458 πάντες
597 2394 924 2450 διδάσκαλοί
939 2398 1074 2451 εἰσιν
1094 2393 1316 2467 ἀρετῆς,
1338 2394 1472 2452 καθ’
1495 2393 1632 2452 ’ὅσον
1651 2394 1758 2450 δύ-

84 2495 278 2532 νανται
297 2476 550 2543 ἕκαστος,
574 2478 660 2531 καὶ
682 2474 863 2542 οὐδείς
883 2494 970 2533 σοι
994 2483 1246 2548 φαίνεται
1267 2474 1366 2543 εἷς·
1413 2476 1598 2546 ὥσπερ
1620 2473 1690 2531 ἄν
1709 2479 1760 2532 εί

40 2599 44 2610 2
60 2570 66 2611 '.
83 2558 257 2629 ζητοτς
284 2561 362 2623 τίς
387 2557 714 2624 διδάσκαλος
743 2566 843 2614 τοῦ
861 2560 1182 2631 ἑλληνίζειν,
1202 2558 1326 2616 οὐδ’
1351 2556 1419 2615 ἀν
1443 2556 1519 2625 εἷς
1537 2563 1755 2631 φανείη,
1784 2574 1873 2620 328

28 2637 44 2694 .Ῐ
83 2635 219 2696 οὐδέ
232 2640 286 2711 γ’
309 2640 408 2712 ἄν,
441 2639 587 2713 οἶμαι
603 2686 615 2709 ,
650 2646 700 2698 εἰ
715 2646 887 2712 ζητοῖς
906 2647 984 2707 τίς
1004 2638 1074 2698 ἀν
1093 2639 1225 2714 ἡμῖν
1246 2642 1476 2707 διδάξειε
1495 2638 1625 2705 τούς
1643 2645 1756 2695 τῶν

40 2729 438 2793 ’.χειροτεχνῶν
457 2726 590 2789 υἱεῖς
614 2722 790 2794 αὐτὴν
811 2724 1016 2796 ταύτην
1035 2722 1137 2797 τὴν
1166 2726 1388 2796 τέχνην,
1428 2720 1499 2794 ἣν
1520 2720 1586 2794 δὴ
1606 2719 1754 2792 παρὰ

31 2817 50 2868 ‘¹4'
84 2805 184 2858 τοῦ
205 2802 408 2871 πατρὸς
426 2805 793 2878 μεμαθήκασι,
816 2803 949 2862 καθ’
974 2804 1107 2862 ὅσον
1127 2802 1241 2871 οἷός
1261 2804 1311 2862 τ’
1332 2800 1404 2878 ἦν
1425 2803 1452 2861 ὁ
1474 2801 1651 2875 πατὴρ
1666 2804 1756 2859 καὶ
