1994 3100
213 122 281 172 26
814 98 1286 170 ΠΛΑΤΩΝΟΣ

355 260 485 310 ΧΧΙ.
540 255 741 310 ’Ἄκουε
760 254 855 325 δή,
890 258 1058 324 ἔφην,
1095 252 1156 309 τὸ
1177 254 1315 325 ἐμὸν
1335 255 1501 326 ὄναρ,
1540 265 1645 312 εἴτε
1672 260 1761 311 διά
1791 279 1885 312 κε-

215 337 398 406 ράτων
428 346 531 393 εἴτε
566 337 638 393 δι’
669 340 967 407 ἐλέφαντος
996 336 1286 406 ἐλήλυθεν.
1327 343 1377 393 εἰ
1400 340 1506 408 γὰρ
1527 339 1626 395 ὅτι
1650 341 1883 410 μάλιστα

211 419 369 491 ἡμῶν
389 420 547 491 ἄρχοι
561 421 595 491 ἡ
612 419 969 490 σωφροσύνη,
991 412 1132 474 οὖσα
1151 422 1274 474 οἵαν
1293 427 1400 475 νῦν
1419 418 1731 492 ὁριζόμεθα,
1750 421 1880 477 ἄλλο

152 522 184 561 Β
212 526 264 558 τι
283 502 420 558 κατὰ
452 501 547 567 τὰς
566 502 863 574 ἐπιστήμας
882 497 953 556 ἂν
973 500 1263 570 πράττοιτο
1277 543 1292 572 ,
1322 503 1413 557 καὶ
1432 501 1561 557 οὔτε
1580 525 1660 568 τις
1679 509 1874 575 κυβερ-

212 585 379 656 νήτης
397 585 630 655 φάσκων
651 583 816 653 εἷναι,
854 579 898 639 ω’
905 606 936 638 ν
956 583 1014 638 δὲ
1034 584 1104 638 οὔ
1116 626 1131 654 ,
1152 584 1437 658 ἐξαπατῴη
1459 581 1531 640 ἂν
1548 582 1715 655 ἡμᾶς,
1757 584 1884 640 οὔτε

213 667 398 739 ιάτρὸς
421 666 548 722 οὔτε
572 666 875 738 στρατηγὸς
895 664 1013 720 οὔτ’
1039 666 1202 730 ἄλλος
1225 665 1432 737 οὐδείς,
1472 668 1885 737 προσποιούμε-

213 748 313 815 νός
330 772 382 804 τι
402 752 603 805 εἰδέναι
624 746 655 804 ὃ
673 747 744 820 μὴ
766 748 904 818 οἶδε,
945 748 1219 803 λανθάνοι
1249 747 1320 803 ἄν
1335 771 1345 782 ·
1383 751 1443 804 ἐκ
1474 749 1532 804 δὲ
1548 749 1763 804 τούτων
1783 747 1883 805 οὕ-

211 854 315 896 τως
344 832 582 903 ἐχόντων
612 831 746 887 ἄλλο
777 829 847 886 ἂν
873 830 1004 902 ἡμῖν
1034 853 1084 885 τι
1108 835 1396 901 ξυμβαίνοι
1415 828 1592 901 ὑγιέσι
1609 853 1667 887 τε
1684 830 1750 887 τα
1772 833 1884 887 ‹506-

211 936 353 986 ματα
373 912 513 970 εἶναι
530 921 741 985 μᾶλλον
760 911 796 985 ἢ
816 922 950 984 νῦν,
972 914 1064 968 καὶ
1084 915 1144 967 ἐν
1164 919 1233 984 τῇ
1249 913 1498 986 θαλάττῃ
1518 914 1881 970 κινδυνεύον-

213 1019 309 1061 τας
328 998 418 1052 καὶ
438 998 498 1051 ἐν
516 1001 735 1069 πολέμῳ
759 995 1056 1065 σώζεσθαι,
1095 994 1269 1051 καὶτὰ
1291 995 1459 1066 σκεύη
1479 998 1570 1052 καὶ
1588 997 1690 1068 τὴν
1709 994 1884 1067 ἄμπε-

153 1097 187 1138 c
215 1078 388 1150 χόνην
412 1079 500 1133 καὶ
534 1075 802 1133 ὑπόδεσιν
830 1083 1014 1132 πᾶσαν
1044 1079 1134 1133 καὶ
1155 1076 1219 1132 τὰ
1241 1078 1486 1149 χρήματα
1507 1078 1687 1133 πάντα
1706 1100 1884 1148 τεχνι-

212 1167 325 1225 κῶς
352 1159 483 1232 ἡμῖν
517 1162 845 1232 εἰργασμένα
877 1158 1016 1215 εἶναι
1052 1162 1142 1215 καὶ
1171 1160 1309 1216 ἄλλα
1341 1159 1514 1216 πολλοὶ
1546 1160 1635 1216 διὰ
1663 1158 1724 1215 τὸ
1747 1158 1894 1230 ἀλη-.

213 1251 396 1307 θινοῐς
424 1247 778 1314 δημιουργοῖς
804 1250 1072 1313 χρῆσθαι;
1111 1247 1160 1297 εἰ
1187 1242 1244 1297 δὲ
1271 1244 1499 1314 βούλοιό
1528 1266 1619 1314 γε,
1657 1244 1748 1298 καὶ
1782 1242 1884 1313 τὴν

214 1323 485 1397 μαντικὴν
516 1324 654 1380 εἶναι
681 1327 1121 1397 ξυγχωρήσωμεν
1150 1325 1451 1396 ἐπιστήμην
1470 1332 1571 1381 τοῦ
1590 1329 1885 1396 μέλλοντος

213 1413 458 1477 ἔσεσθαι,
479 1410 569 1463 καὶ
586 1407 687 1478 τὴν
706 1408 1098 1479 σωφροσύνην,
1121 1406 1288 1478 αὐτῆς
1305 1411 1731 1477 ἐπιστατοῦσαν,
1755 1406 1882 1471 τούς

213 1489 315 1562 μὲν
327 1487 595 1556 ἀλαζόνας
607 1487 951 1560 ἀποτρέπειν,
964 1488 1095 1555 τοὺς
1109 1492 1166 1545 δὲ
1180 1488 1251 1555 ὡς
1263 1488 1486 1561 ἀληθῶς
1498 1491 1718 1561 μάντεις
1739 1498 1884 1545 καθ-

213 1572 433 1628 ιστάναι
465 1569 595 1642 ἡμῖν
624 1571 910 1642 προφήτας
938 1578 1050 1627 τῶν
1085 1573 1417 1643 μελλόντων.
1449 1575 1887 1643 κατεσκευασμέ-

214 1677 316 1710 νον
341 1652 406 1725 δὴ
438 1652 587 1708 οὕτω
617 1652 676 1709 τὸ
708 1652 1076 1723 ἀνθρώπινον
1105 1657 1263 1725 γένος
1291 1654 1493 1724 ὅτιμὲν
1512 1653 1885 1725 ἐπιστημόνως

147 1755 179 1794 D
214 1734 284 1792 ἄν
315 1738 544 1807 πράττοι
572 1739 663 1792 καὶ
692 1737 824 1810 ζςόη,
861 1737 1082 1807 ἕπομαι·
1121 1734 1153 1807 ἦ
1182 1735 1289 1805 γὰρ
1310 1737 1647 1807 σωφροσύνη
1671 1735 1886 1806 φυλάτ-

212 1834 385 1874 τουσα
414 1816 518 1873 οὐκ
547 1841 619 1873 αν
647 1817 752 1892 ἐώη
792 1824 1285 1889 παρεμπίπτουσαν
1311 1817 1414 1890 τὴν
1443 1816 1885 1888 ἀνεπιστημοσύ-

213 1923 320 1972 νην
349 1899 619 2001 ξυνεργὸν
645 1897 777 1971 ἡμῖν
808 1898 973 1955 εἶναι·
1013 1899 1097 1955 ὅτι
1126 1899 1177 1955 δ’
1209 1895 1644 1972 ἐπιστημόνως”
1607 1922 1680 1954 αν
1709 1898 1885 1969 πράτ-

212 2004 401 2047 τοντες
437 1985 500 2036 εὐ
541 1977 614 2036 ἀν
648 1980 981 2052 πράττοιμεν
1012 1985 1103 2037 καὶ
1143 1981 1588 2053 εὐδαιμονοῖμεν,
1628 1988 1792 2037 τοῦτο
1825 1981 1884 2037 δε

215 2065 373 2121 οὔπω
394 2065 683 2135 δυνάμεθα
702 2072 931 2134 μαθεῖν,
956 2086 997 2119 ω
1020 2070 1145 2135 φίλε
1163 2070 1374 2135 Κριτία.

354 2150 508 2203 XXII.
577 2143 736 2202 Ἀλλὰ
773 2149 986 2216 μέντοι,
1020 2142 1058 2218 ἦ
1089 2145 1141 2202 δ’
1175 2147 1263 2218 ὅς,
1303 2146 1372 2203 οὐ
1402 2150 1601 2221 ῥᾳδίως
1635 2145 1885 2218 εὑρήσεις

214 2228 348 2284 ἄλλο
375 2252 426 2284 τι
450 2230 602 2292 τέλος
620 2233 719 2283 τοῦ
751 2221 815 2282 εὖ
847 2227 1131 2300 πράττειν,
1177 2228 1275 2285 ἐὰν
1293 2227 1353 2285 τό
1375 2229 1747 2301 ἐπιστημόνως
1766 2227 1886 2284 άτι-

215 2312 406 2382 μάσῃς.
481 2310 734 2381 Σμικρόν
754 2316 946 2366 τοίνυν
965 2334 1048 2382 με,
1070 2306 1140 2382 ἦν
1162 2313 1214 2367 δ’
1236 2313 1366 2383 ἐγώ,
1404 2317 1481 2367 ἔτι
1498 2316 1879 2382 προσδίδαξον.

155 2413 187 2453 Ε
219 2397 366 2456 τίνος
385 2391 759 2462 ἐπιστημόνως
779 2395 975 2463 λε’γεις;
1013 2388 1048 2465 ἦ
1066 2401 1285 2450 σκυτῶν
1305 2402 1503 2466 τομῆς;
1538 2393 1640 2451 Μὰ
1660 2392 1753 2449 Δί’
1779 2392 1882 2449 οὐκ

215 2479 400 2544 ἐγωγε.
466 2472 630 2529 Ἀλλα
649 2481 857 2544 χαλκοῦ
876 2476 1155 2545 ἐργασίας,
1195 2474 1478 2546 Οὐδαμως.
1542 2472 1699 2530 Ἀλλα
1721 2477 1884 2543 ἐρίων

213 2580 249 2656 η
272 2552 497 2623 ξύλων
471 2579 504 2627 η
527 2554 700 2612 άλλου
717 2578 817 2611 του
837 2579 949 2611 των
968 2559 1258 2614 τοιούτων
1247 2601 1259 2624 ,
1298 2557 1382 2614 Ού
1402 2562 1550 2629 δῆτα.
1616 2556 1781 2612 Ούκ’
1756 2557 1881 2628 άρα,

213 2641 285 2711 ἠν
306 2638 359 2693 δ’
381 2639 504 2737 ἐγωᾈ
528 2643 604 2693 ἔτι
625 2641 929 2710 ἐμμένομεν
947 2662 1021 2694 τω
1043 2641 1190 2714 λόγω
1209 2647 1284 2715 τῷ
1306 2638 1603 2711 εὐδαίμονα
1625 2639 1762 2695 εἶναι
1780 2638 1881 2695 τὸν

214 2721 590 2791 ἐπιστημόνως
623 2725 811 2787 ζωντα.
860 2715 1013 2776 οὗτοι
1042 2745 1146 2791 γαρ
1178 2721 1551 2792 ἐπιστημόνως
1570 2726 1763 2788 ζῶντες
1781 2719 1882 2792 οὐχ

211 2799 618 2875 ὁμολογοῦνται
637 2802 784 2872 παρὰ
805 2810 912 2859 σοῦ
942 2803 1263 2875 εὐδαίμονες
1294 2803 1459 2875 εἶναι,
1501 2802 1638 2859 ἀλλὰ
1660 2808 1788 2874 περί
1803 2825 1885 2857 τι-
