1994 3100
739 94 1196 143 ΧΑΡΜΙΔΗΣ
1733 90 1805 142 29

125 253 232 304 γαρ
263 228 367 288 οὐκ
398 228 539 300 οἶδε,
578 229 749 301 φησὶν
777 224 917 282 αὐτὰ
950 228 1155 283 εἰδέναι
1184 224 1218 298 ἡ
1249 225 1487 299 ἡμετέρα
1522 223 1800 296 ὁμολογία.

125 320 331 383 καίτοι,
369 335 442 378 ως
457 305 692 385 ἐγῷμαι,
729 307 1014 374 οὐδενός“”’
980 329 1116 364 οτου
1134 306 1256 380 οὐχὶ
1275 306 1624 379 ἀλογώτερον
1642 302 1797 363 τοῦτ’

126 418 202 450 αν
230 399 445 465 φανείη.
486 391 610 449 ἀλλ’
649 389 798 464 ὅμως
821 390 997 455 οὕτως
1024 387 1182 462 ἡμῶν
1202 387 1485 461 εὐηθικων
1501 394 1747 460 τυχοῦσα
1764 384 1798 458 ἡ
1825 397 1860 439 D
1950 385 1955 388 ’

124 477 343 547 ζήτησις
363 478 454 532 καὶ
473 473 544 531 οὐ
564 480 848 546 σκληρων,
878 470 1045 529 οὐδέν
1062 495 1115 528 τι
1132 477 1347 543 μᾶλλον
1365 469 1549 542 εὑρειν
1566 470 1801 527 δύναται

125 556 229 629 τὴν
247 555 546 629 ἀλήθειαν,
587 554 727 612 ἄλλα
754 561 1025 611 τοσοῦτον
1044 556 1405 624 κατεγέλασεν
1423 551 1619 625 αὐτῆς,
1659 549 1801 607 ωστε

124 637 156 695 ὃ
182 637 337 711 ἡμεῖς
365 639 536 695 πάλαι
566 643 1072 709 ξυνομολογοῦντες
1101 639 1193 692 καὶ
1221 635 1656 707 ξυμπλάττοντες
1692 636 1802 690 ἐτι-

123 724 345 793 θέμεθα
365 721 742 822 σωφροσύνην
762 717 928 788 εἶναι,
962 725 1127 774 τοῦτο
1152 716 1284 789 ἡμῖν
1302 717 1452 773 πάνυ
1471 714 1802 788 ὑβριστικῶς

123 802 405 875 ἀνωφελὲς
432 799 502 859 ὂν
529 801 815 874 α’πέφαινε.
857 800 918 858 τὸ
950 800 1051 873 μὲν
1080 794 1184 858 οὖν
1213 796 1347 873 ἐμὸν
1365 801 1457 857 καὶ
1475 792 1642 873 ἦττον
1661 820 1795 871 αγα-

124 893 339 943 νακτώ·
366 884 506 955 ὑπερ
529 884 587 942 δε
607 892 738 956 σοῦ,
768 878 842 957 ἦν
863 883 914 940 δ’
936 885 1072 955 ἐγώ,
1111 906 1153 939 ω
1174 888 1455 955 Χαρμίδη,
1488 903 1641 938 πανυ
1662 904 1801 952 αγα-

122 975 335 1039 νακτῶ,
376 974 428 1026 εί
456 969 527 1024 σὺ
558 976 806 1034 τοιοῦτος
835 991 915 1024 ων
934 966 1038 1038 τὴν
1058 970 1212 1023 ἰδέαν
1230 967 1321 1022 καὶ
1340 963 1481 1037 πρὸς
1499 964 1677 1038 τούτῳ
1698 962 1801 1035 τήν
1831 978 1866 1019 Ε

127 1050 309 1123 ψυχὴν
350 1054 831 1124 σωφρονέστατος,
879 1050 1052 1122 μηδὲν
1098 1047 1287 1121 ὀνήσει
1325 1046 1432 1104 ἀπὸ
1466 1046 1668 1119 ταύτης
1705 1052 1800 1118 τῆς

26 1191 27 1198 ¹
122 1134 494 1206 σωφροσύνης
510 1136 652 1206 μηδέ
665 1139 722 1191 τί
741 1133 797 1189 σ’
818 1130 1092 1204 ὠφελήσει
1110 1135 1173 1188 ἐν
1190 1138 1268 1204 τῷ
1287 1137 1387 1203 βίω
1407 1136 1680 1200 παροῦσα.
1721 1132 1799 1184 ἔτι

124 1215 184 1272 δὲ
220 1223 434 1287 μαλλον
472 1214 766 1287 οἷγανακτω
804 1213 946 1284 ὑπὲρ
984 1221 1081 1285 τῆς
1114 1216 1354 1288 ἐπωδῆς,
1393 1210 1466 1286 ἣν
1507 1209 1655 1285 παρὰ
1694 1216 1797 1266 τοῦ

123 1296 341 1372 Θρᾳκὸς
369 1301 610 1370 ἔμαθον,
649 1304 700 1355 εί
726 1297 965 1369 μηδενὸς
984 1294 1139 1363 ἀξίου
1159 1297 1477 1369 πράγματος
1496 1288 1674 1351 οὖσαν
1695 1289 1801 1349 αὐ-

122 1378 225 1451 τὴν
259 1378 393 1451 μετὰ
424 1387 630 1452 πολλῆς
662 1383 909 1452 σπουδῆς
939 1379 1280 1450 ἐμάνθανον.
1322 1377 1477 1435 ταῦτ’
1513 1400 1619 1435 ουν
1647 1396 1799 1432 πανυ

120 1462 225 1534 μὲν
262 1459 365 1517 οὐκ
403 1469 588 1533 οἴομαι
617 1460 796 1526 οὕτως
823 1465 992 1532 ἔχειν,
1030 1459 1154 1516 ἀλλ’
1186 1460 1278 1532 ἐμὲ
1303 1468 1525 1532 φαῦλον
1547 1459 1688 1517 εἶναι
1707 1463 1800 1529 ζη-

123 1543 316 1615 τητήν·
354 1545 469 1600 ἐπεὶ
504 1544 608 1615 τήν
641 1565 704 1614 γε
734 1544 1110 1614 σωφροσύνην
1131 1545 1269 1613 μέγα
1292 1565 1344 1599 τι
1381 1541 1605 1614 αγαθόν
1642 1540 1798 1611 εἶναι,

124 1628 214 1682 καὶ
250 1634 403 1695 εἴπερ
431 1648 494 1697 γε
523 1630 660 1696 ἔχεις
689 1625 855 1693 αὐτό,
890 1626 1168 1698 μακάριον
1198 1623 1340 1682 εἶναί
1366 1642 1443 1681 σε.
1483 1623 1604 1681 ἀλλ’
1629 1623 1733 1697 ὅρα
1753 1629 1804 1680 εί
1831 1638 1914 1685 176

126 1712 262 1778 ἔχεις
280 1730 337 1763 τε
365 1710 456 1763 καὶ
486 1707 659 1780 μηδὲν
690 1711 800 1764 δέει
829 1715 925 1781 τῆς
944 1711 1179 1782 ἐπῳδῆς·
1221 1712 1271 1763 εί
1285 1705 1394 1778 γὰρ
1415 1711 1567 1777 ἔχεις,
1587 1713 1800 1778 μᾶλλον

126 1787 198 1846 ἄν
227 1793 402 1861 ἔγωγέ
426 1807 513 1846 σοι
551 1791 1028 1862 συμβουλεύσαιμι
1063 1789 1154 1860 ἐμὲ
1191 1789 1293 1861 μὲν
1332 1794 1508 1860 λῆρον
1543 1785 1799 1859 ἡγεῖσθαι

123 1870 264 1928 εἶναι
310 1873 400 1927 καὶ
438 1869 719 1926 ἀδύνατον
765 1870 913 1944 λόγῳ
964 1867 1155 1925 ὁτιοῦν
1190 1875 1394 1941 ζητεῖν,
1445 1869 1684 1926 σεαυτὸν
1721 1874 1798 1940 δέ,

123 1952 343 2028 ὅσῳπερ
362 1955 814 2025 σωφρονέστερος
834 1949 884 2007 εἶ
893 1994 907 2021 ,
935 1951 1182 2025 τοσούτῳ
1204 1951 1344 2008 εἶναι
1362 1953 1454 2009 καὶ
1474 1951 1802 2024 εὐδαιμονέ-

24 2058 31 2091 ·ῑ
123 2054 334 2104 στερον.

262 2123 446 2174 xxlv.
516 2118 625 2172 Καὶ
663 2114 691 2171 6
735 2121 1046 2188 Χαρμίδης,
1080 2114 1242 2173 Ἀλλά
1280 2118 1355 2189 μὰ
1394 2117 1510 2186 Δί’,
1547 2111 1582 2188 ἦ
1623 2115 1672 2172 δ’
1714 2115 1794 2188 ὅς,

124 2205 320 2270 ἔγωγε,
347 2193 390 2254 ὦ
412 2200 732 2270 Σώκρατες,
764 2197 867 2254 οὐκ
887 2198 1009 2255 οῖδα
1030 2197 1150 2255 οὔτ’
1176 2205 1226 2256 εί
1243 2204 1347 2271 ἔχω
1367 2197 1488 2255 οὔτ’
1514 2198 1651 2271 εἰμὴ
1676 2205 1794 2270 ἔχω.

26 2341 32 2348 ,
123 2288 238 2347 πῶς
257 2282 364 2352 γὰρ
396 2278 469 2336 ἄν
493 2284 693 2352 εἰδείην
713 2280 746 2338 ὅ
773 2304 835 2353 γε
863 2279 993 2353 μηδ’
1025 2279 1180 2352 ὑμεῖς
1211 2279 1320 2337 οἷοί
1340 2284 1401 2337 τέ
1416 2284 1534 2338 ἐστε
1555 2283 1797 2351 ἐξευρεῖν

20 2386 28 2410 τ
121 2363 155 2421 ὅ
173 2371 228 2420 τί
244 2361 365 2419 ποτ’
393 2370 567 2434 ἔστιν,
608 2362 681 2429 ὣς
700 2363 808 2436 φῂς
837 2364 936 2431 σύ;
976 2363 1081 2434 ἐγώ
1101 2368 1288 2435 μέντοι
1306 2362 1375 2420 ού
1394 2365 1547 2420 πάνυ
1568 2382 1656 2420 σοι
1675 2368 1794 2419 πεί·
1826 2379 1859 2420 Β

118 2454 310 2517 θομαι,
331 2449 422 2502 καὶ
445 2445 702 2517 ἐμαυτόν,
725 2440 769 2501 ὦ
788 2447 1101 2517 Σώκρατες,
1123 2446 1273 2504 πάνυ
1292 2446 1443 2518 οἶμαι
1467 2451 1686 2503 δεῖσθαι
1703 2452 1799 2517 τῆς

121 2530 362 2601 ἐπῳδῆς,
402 2531 492 2585 καὶ
512 2529 575 2583 τό
597 2527 653 2599 γ’
675 2526 809 2599 ἐμὸν
829 2526 993 2583 οὐδὲν
1013 2529 1215 2584 κωλύει
1234 2529 1542 2585 &mid-swan
1563 2527 1672 2583 ὑπὸ
1694 2534 1799 2583 σοῦ

19 2608 21 2617 ’
119 2627 246 2666 οσαι
266 2608 479 2683 ἡμέραι,
500 2613 603 2676 ἕως
619 2635 690 2667 αν
709 2617 820 2684 φῇς
838 2610 909 2667 σύ
926 2614 1128 2676 ἱκανῶς
1148 2615 1301 2683 ἔχειν.
1342 2610 1502 2668 Εἶεν·
1524 2609 1648 2668 ἀλλ’
1652 2616 1795 2683 ,ἔφη

121 2689 151 2746 6
181 2697 432 2764 Κριτίας,
470 2717 512 2749 ω
547 2698 830 2765 Χαρμίδη,
872 2702 882 2762 Ι
894 2697 1029 2766 δρας
1057 2699 1241 2765 τοῦτο]
1263 2691 1438 2766 ἔμοιγ’
1462 2699 1610 2749 ἐσται
1630 2700 1795 2748 τοῦτο

121 2774 418 2844 τεκμήριον
437 2774 518 2831 ὅτι
539 2788 872 2847 σωφρονεῖς,
913 2798 983 2847 ην
1010 2775 1234 2849 ἐπᾴδειν
1252 2780 1491 2850 παρέχης
1511 2775 1792 2845 Σωκρατει
