1962 3112
81 71 138 171 m
465 71 482 74 ‘⁷
728 113 1100 162 ΓοΡιἿΑΣ.
1639 87 1761 160 ’217

219 255 375 307 ΓΟΡ.
415 252 595 304 Τοῦτο
615 245 864 303 ἐνταῦθά
883 266 947 316 γε
966 249 1273 317 συμβαίνει.

219 336 344 389 ΣΩ.
384 328 617 387 Οὐκοῦν
635 329 726 385 καὶ
745 330 869 399 περὶ
896 325 995 392 τὰς
1012 325 1183 392 ἄλλας
1201 324 1417 392 ἁπάσας
1434 327 1626 398 τέχνας
1657 323 1761 391 ὡς·-

80 415 261 480 αύτως
287 418 395 484 ἔχει
423 410 452 468 ὁ
486 411 668 483 ῥήτωρ
689 413 781 466 καὶ
809 408 844 481 ἡ
876 409 1166 482 ῥητορική·
1205 403 1346 463 αὐτὰ
1368 408 1471 480 μὲν
1492 405 1558 463 τὰ
1578 405 1759 478 πράγ-

77 519 222 569 ματα
241 495 410 552 οὐδὲν
430 497 517 551 δεῖ
532 491 709 565 αὐτὴν
729 494 933 548 εἰδέναι
952 490 1102 556 ὅπως
1120 495 1254 562 ἔχει,
1281 487 1535 561 μηχανὴν
1555 491 1619 544 δέ
1631 510 1756 544 τινα
1787 494 1818 537 G

78 583 315 642 πειθοῦς
335 574 646 648 εὑρηκέναι,
679 573 819 630 ὥστε
844 579 1146 645 φαίνεσθαι
1164 585 1276 639 τοῖς
1296 571 1400 628 οὐκ
1422 572 1594 628 εἰδόσι
1616 577 1759 643 μᾶλ-

82 667 183 716 λον
203 661 407 716 εἰδέναι
422 664 538 713 τῶν
557 655 802 713 εἰδότων.

219 747 353 798 xlv.
427 745 583 796 ΓΟΡ.
625 736 855 795 Οὐκοῦν
875 739 1048 811 πολλὴ
1071 737 1327 811 ῥᾳστώνη
1343 780 1356 807 ,
1380 731 1423 793 ὦ
1444 738 1758 807 Σώκρατες,

82 827 327 893 γίγνεται
341 862 356 889 ,
386 820 459 891 μὴ
479 819 735 891 μαθόντα
754 818 850 884 τὰς
870 819 1038 884 ἄλλας
1058 821 1275 889 τέχνας,
1312 816 1447 874 ἀλλὰ
1472 825 1605 889 μίαν
1621 818 1758 873 ταύ-

81 926 208 975 την,
229 901 402 974 μηδὲν
418 905 786 958 ἐλαττοῦσθαι
804 908 918 957 τῶν
940 904 1324 972 δημιουργῶν;

221 990 346 1041 ΣΩ.
394 988 469 1039 Ec
500 983 601 1054 μὲν
637 986 956 1039 ἐλαττοῦται
988 980 1025 1055 ἦ
1053 981 1125 1054 μὴ
1163 986 1484 1039 ἐλαττοῦται
1514 980 1543 1038 ὁ
1573 983 1757 1055 ῥήτωρ

85 1074 192 1123 τῶν
222 1065 408 1123 ἄλλων
438 1064 529 1121 διὰ
560 1062 620 1120 τὸ
664 1062 843 1129 οὕτως
879 1070 1049 1136 ἔχειν,
1089 1064 1287 1121 αὐτίκα
1323 1065 1756 1136 ἐπισκεψόμεθα,

82 1148 181 1206 ἐάν
202 1171 255 1204 τι
272 1145 404 1219 ἡμῖν
422 1146 561 1218 πρὸς
580 1147 753 1217 λόγον
782 1141 843 1219 ᾗ’
884 1153 992 1202 νῦν
1012 1149 1071 1202 δὲ
1089 1147 1218 1203 τόδε
1238 1146 1515 1218 πρότερον
1537 1146 1760 1214 σκεψώ-

84 1238 254 1301 μεθα,
293 1224 402 1299 ἆρα
438 1229 702 1300 τυγχάνει
732 1231 855 1299 περὶ
882 1227 944 1285 τὸ
979 1233 1196 1285 δίκαιον
1226 1231 1316 1285 καὶ
1346 1229 1407 1286 τὸ
1439 1228 1636 1286 ἄδικον
1666 1231 1758 1285 καὶ
1785 1242 1820 1282 Ι)

83 1313 139 1369 τὸ
179 1309 408 1382 αἰσχρὸν
442 1314 532 1367 καὶ
568 1309 630 1367 τὸ
671 1309 845 1367 καλὸν
881 1314 973 1368 καὶ
1002 1310 1226 1383 ἀγαθὸν
1254 1314 1348 1367 καὶ
1374 1313 1551 1368 κακὸν
1584 1310 1761 1377 οὕτως

81 1399 219 1464 ἔχων
248 1392 278 1450 ὁ
308 1391 600 1466 ῥητορικὸς
630 1391 703 1459 ὡς
734 1396 857 1465 περὶ
888 1392 949 1450 τὸ
984 1392 1230 1466 ὑγιεινὸν
1254 1396 1345 1451 καὶ
1375 1396 1499 1463 περὶ
1528 1393 1594 1450 τὰ
1617 1393 1757 1451 ἄλλα

81 1470 165 1533 ὦν
192 1480 251 1532 αἱ
277 1474 438 1532 ἄλλαι
466 1480 676 1547 τέχναι,
718 1475 858 1532 αὐτοὶ
890 1478 993 1548 μὲν
1021 1475 1126 1533 οὐκ
1158 1476 1343 1546 εἰδώς,
1381 1483 1438 1532 τί
1470 1476 1694 1547 ἀγαθὸν
1721 1475 1758 1547 ἦ

79 1562 137 1614 τί
161 1558 340 1615 κακόν
363 1560 513 1614 ἐστιν
546 1554 584 1629 ἦ
612 1564 668 1613 τί
695 1557 870 1614 καλὸν
899 1555 937 1630 ἦ
963 1564 1019 1614 τί
1044 1560 1272 1630 αἰσχρὸν
1291 1554 1327 1630 ἦ
1347 1554 1755 1629 δίκαιονῆἅδι-

78 1661 211 1711 κον,
244 1638 427 1696 πειθώ
444 1642 505 1694 δὲ
534 1641 656 1710 περὶ
687 1637 874 1695 αὐτῶν
902 1644 1379 1713 μεμηχανημένος,
1413 1639 1553 1696 ὥστε
1575 1643 1762 1696 δοκεῖν

83 1723 287 1778 εἰδέναι
321 1719 424 1776 οὐκ
455 1719 614 1785 εἰδώς
640 1724 703 1777 ἐν
734 1719 839 1777 οὐκ
871 1722 1044 1779 εἰδόσι
1075 1729 1288 1794 μᾶλλον
1317 1729 1420 1779 τοῦ
1449 1722 1686 1791 εἰδότος;
1723 1718 1761 1795 ἢ

80 1802 295 1874 ἀνάγκη
316 1805 534 1871 εἰδέναι,
548 1805 639 1859 καὶ
662 1807 749 1859 δεῖ
763 1804 1242 1876 προεπιστάμενον
1259 1811 1433 1860 ταῦτα
1452 1803 1760 1875 ἀφικέσθαι
1790 1817 1824 1858 Ε

82 1883 231 1955 παρὰ
250 1884 311 1941 σὲ
331 1883 430 1939 τὸν
447 1886 718 1955 μέλλοντα
749 1886 1108 1957 μαθήσεσθαι
1134 1885 1239 1958 τὴν
1268 1888 1596 1961 ῥητορικήν;
1627 1893 1676 1945 εἰ
1704 1890 1763 1944 δὲ

80 1966 184 2039 μή,
206 1963 278 2021 σύ
299 1963 329 2022 ὁ
351 1972 445 2037 τῆς
463 1967 755 2039 ῥητορικῆς
776 1969 1106 2034 διδάσκαλος
1126 1969 1343 2025 τούτων
1372 1970 1472 2040 μὲν
1493 1969 1660 2026 οὐδὲν
1678 1973 1757 2025 δι-

83 2047 260 2114 δάξεις
278 2047 376 2104 τόν
394 2047 892 2120 ἆφικνούμενον-
909 2048 979 2107 οῦ
996 2050 1104 2122 γὰρ
1125 2049 1228 2107 σόν
1248 2057 1497 2123 ἔργον-
1516 2053 1763 2123 ποιήσεις

82 2126 137 2185 δ’
156 2131 218 2185 ἐν
236 2141 348 2195 τοῖς
366 2137 588 2196 πολλοῖς
607 2135 794 2189 δοκεῖν
810 2135 1013 2189 εἰδέναι
1034 2133 1209 2189 αὐτὸν
1226 2131 1294 2189 τὰ
1311 2140 1537 2190 τοιαῦτα
1559 2132 1662 2190 οὐκ
1685 2139 1763 2190 εἰ,

83 2211 217 2268 δότα
249 2213 339 2268 καὶ
366 2216 551 2268 δοκεῖν
581 2211 802 2284 ἀγαθὸν
834 2214 975 2271 εἶναι
1006 2213 1108 2271 οὐκ
1139 2214 1301 2279 ὄντας
1339 2212 1374 2286 ἢ
1405 2213 1465 2271 τὸ
1498 2216 1762 2283 παράπαν

83 2292 185 2364 οὐχ
215 2290 332 2360 οἷός
358 2315 414 2350 τε
445 2299 557 2351 ἔσει
586 2296 800 2362 διδάξαι
828 2295 1002 2353 αὐτὸν
1038 2296 1142 2368 τὴν
1185 2296 1512 2369 ῥητορικήν,
1553 2294 1653 2352 ἐὰν
1688 2295 1761 2369 μὴ

84 2380 314 2449 προειδῇ
343 2378 466 2445 περὶ
496 2376 709 2432 τούτων
739 2378 841 2448 τὴν
870 2376 1171 2451 ἀλήθειαν;
1231 2374 1267 2448 ἦ
1300 2383 1415 2442 πῶς
1441 2375 1506 2433 τὰ
1536 2384 1763 2434 τοιαῦτα

84 2463 218 2531 ἔχει,
250 2451 294 2515 ὦ
317 2465 544 2528 Γοργίας
593 2461 684 2515 καὶ
716 2459 855 2529 πρὸς
872 2461 1037 2531 Διός,
1070 2459 1255 2530 ὥσπερ
1275 2458 1398 2530 ἄρτι
1418 2457 1590 2531 εἶπες,
1619 2459 1760 2517 ἄπο·
1792 2476 1879 2522 460

81 2541 334 2607 καλύψας
354 2548 449 2612 τῆς
467 2543 759 2613 ῥητορικῆς
780 2545 895 2600 εἰπὲ
917 2549 996 2608 τίς
1016 2541 1145 2599 ποθ’
1164 2540 1199 2614 ἡ
1222 2542 1455 2614 δύναμίς
1474 2544 1639 2601 ἐστιν.

222 2628 378 2680 ΓΟΡ.
412 2621 547 2679 Ἀλλ’
572 2622 677 2694 ἐγώ
698 2622 801 2694 μὲν
823 2622 996 2696 οἶμαι,
1018 2618 1064 2680 αἶ
1083 2625 1395 2694 Σώκρατες,
1417 2621 1513 2679 ἐὰν
1533 2625 1669 2699 τύχῃ
1689 2623 1762 2697 μὴ

83 2705 267 2774 εἰδώς,
287 2707 568 2761 καὶταῦτα
589 2704 710 2773 παρ’
735 2709 875 2776 ἐμοῦ
895 2708 1220 2779 μαθήσεται.

227 2790 350 2841 ..Z-Q«.
392 2786 515 2858 Ἔχε
538 2787 636 2858 δή·
669 2794 851 2853 καλῶς
881 2787 985 2861 γὰρ
1008 2793 1194 2861 λέγεις.
1245 2789 1446 2859 ἐάνπερ
1468 2790 1765 2861 ῥητορικον
