2020 3094
231 145 332 197 120
829 132 1302 198 ΠΛΑΤΩΝΟΣ
1840 160 1898 203 32

229 276 300 336 ἂν
319 277 403 335 ἀεὶ
421 277 842 353 ὑπολαμβάνῃς,
877 278 960 337 ὅτι
990 284 1128 351 ἔχων
1156 290 1418 351 φλυαρεῖς
1438 284 1527 338 καὶ
1547 282 1896 354 ἀρχαιότερος

164 376 199 416 D
231 359 280 418 εἷ
306 367 408 418 τοῦ
438 366 673 428 δέοντος.
712 361 864 432 κάγώ
902 367 1080 432 ἔγνων
1117 362 1289 420 αὐτὸν
1329 362 1411 419 ὅτι
1449 387 1540 434 μοι
1578 370 1896 435 χαλεπαίνοι

231 446 599 499 διαστέλλοντι
630 444 695 498 τοὶ
726 444 1021 515 λεγόμενα,
1063 445 1400 516 βουλόμενός
1431 467 1496 515 με
1527 453 1799 517 θηρεῦσαι
1829 444 1893 501 τά

230 524 473 595 ὀνόματα
493 526 836 596 περιστήσας.
876 524 1239 597 ἀνεμνήσθην
1269 520 1374 582 οὖν
1399 532 1499 581 τοῦ
1519 528 1772 595 Κόννου,
1812 528 1895 582 ὅτι

230 628 322 676 μοι
340 603 592 671 κακεῖνος
607 613 919 676 χαλεπαίνει
939 608 1220 676 ἑκαστοτε,
1252 607 1386 663 ὅταν
1409 606 1557 682 αὐτῷ
1577 605 1649 678 μὴ
1671 604 1896 676 ὑπείκω,

231 687 414 743 ἔπειτα
435 709 544 758 μου
563 681 730 759 ἧττον
751 690 1077 758 ἐπιμελεῖται
1107 712 1179 753 ως
1199 688 1454 760 ἀμαθοῦς
1482 687 1664 752 ὄντος·
1705 690 1817 744 ἐπεὶ
1836 688 1894 744 δε

231 762 335 824 οὖν
366 769 728 841 διενενοήμην
757 772 847 825 καὶ
875 768 1022 841 παρὰ
1054 776 1254 825 τοῦτον
1283 778 1509 842 φοιτᾷν,
1549 768 1744 844 ὠήθην
1781 774 1897 825 δεῖν

230 848 477 906 ὑπείκειν
489 852 599 921 ,μή
621 873 686 922 με
704 848 900 906 σκαιὸν
918 848 1261 922 ἡγησάμενος
1281 849 1547 922 φοιτητὴν
1564 874 1636 922 μη
1660 854 1895 922 προσδέ-

228 953 391 1001 χοιτο.
431 931 586 987 εἷπον
623 934 752 986 οὐν·
786 922 928 986 ’Ἀλλ’
975 937 1023 987 εἰ
1058 935 1214 987 δοκεῖ
1226 950 1339 1000 σοι,
1376 931 1710 1004 Εὐθύδημε,
1749 931 1895 988 οὕτω

166 1027 197 1067 Ε
229 1025 431 1082 ποιεῖν,
470 1016 750 1083 ποιητέον·
791 1013 859 1067 σύ
880 1012 986 1083 γὰρ
1007 1013 1223 1078 πάντως
1241 1035 1350 1068 που
1370 1014 1594 1070 κάλλιον
1614 1017 1892 1069 ἐπίστασαι

229 1098 578 1165 διαλέγεσθαι
610 1090 644 1165 ἦ
681 1094 815 1165 ε’γω’,
867 1098 1062 1165 τέχνην
1106 1100 1245 1165 ἔχων
1295 1096 1517 1151 ἰδιώτου
1555 1094 1890 1164 ἀνθρώπου·

227 1176 403 1243 ἐρώτα
423 1169 526 1231 οὖν
547 1177 714 1231 πάλιν
729 1179 783 1241 ἐξ
803 1174 982 1247 ἀρχῆς.
1050 1176 1466 1248 Ἀποκρίνουιδή
1480 1220 1494 1248 ,
1536 1182 1638 1248 ἔφη
1655 1220 1669 1246 ,
1707 1177 1895 1247 πάλιν,

230 1257 465 1325 πότερον
485 1259 771 1313 ἐπίστασαί
793 1280 867 1330 τῳ
889 1255 924 1312 οἳ
943 1261 1249 1328 ἐπίστασαι,
1287 1255 1322 1329 ἢ
1343 1258 1434 1322 οὕς
1458 1258 1665 1328 Ἔγωγε
1681 1300 1695 1328 ,
1736 1262 1894 1328 ἔφην,

111 1350 199 1394 ,296
233 1345 298 1411 τῇ
322 1360 382 1408 γε
407 1345 567 1412 ψυχῇ.
644 1333 821 1404 Οὗτος
846 1333 946 1410 αὖ,
970 1346 1091 1411 ἔφη,
1113 1346 1610 1408 προσαποκρίνεται
1628 1352 1738 1403 τοῖς
1755 1342 1893 1409 ε’ρω-

229 1422 503 1489 τωμένοις.
528 1418 596 1474 οὐ
614 1419 720 1490 γὰρ
742 1425 908 1491 ἔγωγε
929 1424 1109 1491 ἐρωτῶ
1131 1420 1266 1492 ὅτῳ,
1289 1418 1410 1477 ἀλλ’
1439 1427 1488 1476 εί
1504 1425 1788 1497 ἐπίστασαί
1801 1443 1892 1494 τῳ.

227 1505 408 1557 Πλέον
427 1505 517 1572 αὐ,
541 1506 727 1572 ἔφην’
701 1503 824 1573 εγω’,
845 1510 945 1557 τοῦ
964 1501 1230 1567 δέὀντος
1202 1503 1580 1573 απεκρινοὶμην
1599 1501 1706 1558 ὑπὸ
1730 1501 1895 1557 ἅπαι-

228 1587 471 1647 δευσίας·
510 1580 645 1638 ἀλλὰ
678 1585 1056 1653 συγγίγνωσκέ
1081 1605 1198 1654 μοι·
1238 1583 1644 1654 αποκρινοῦμαι
1664 1582 1769 1654 γὰρ
1793 1582 1894 1680 ἤδη

228 1664 416 1730 ἁπλῶς
429 1708 443 1735 ,
478 1663 562 1719 ὅτι
582 1667 875 1735 ἐπίσταμαί
890 1688 963 1721 τω
985 1662 1147 1736 [ἀεὶ]
1127 1689 1159 1719 α
1181 1669 1480 1736 ἐπίσταμαι.
1552 1666 1828 1736 Πότερον,
1858 1666 1890 1734 ἡ

230 1745 282 1801 δ’
305 1745 391 1816 ὅς,
429 1752 503 1819 τῷ
526 1745 678 1816 αὐτῷ
698 1746 872 1801 τούτω
895 1745 948 1816 γ’
973 1746 1082 1817 αεί,
1125 1744 1159 1817 ἢ
1183 1751 1292 1802 ἐστι
1312 1771 1411 1818 μεν
1431 1747 1519 1803 ὅτε
1538 1747 1741 1820 τούτῳ,
1782 1751 1894 1802 ἔστι

230 1825 328 1882 δε
307 1826 398 1882 ότε
430 1828 621 1899 ετέρω;
651 1826 784 1897 Ἀεί,
816 1827 949 1882 ὅταν
981 1830 1302 1898 ἐπί,στωμαι
1341 1851 1411 1898 ην
1441 1828 1503 1883 δ’
1526 1827 1659 1898 ε’γω,
1697 1827 1887 1899 τούτῳ.

233 1906 352 1963 Οὐκ
373 1911 474 1977 αὐ,
507 1913 639 1978 ἔφη,
673 1908 870 1964 παύσει
893 1911 1452 1980 παραφθεγγόμενοςς
1487 1908 1628 1965 Ἀλλ’
1649 1907 1797 1972 ὅπως
1820 1930 1891 1977 μη

167 2001 197 2040 Β
228 2012 278 2044 τι
297 1987 439 2062 ἡμᾶς
459 1997 662 2060 σφαλεῖ
679 1989 737 2044 τὸ
761 1988 842 2045 ἀεὶ
862 1997 1040 2045 τοῦτο.
1122 1990 1346 2046 Οὔκουν
1366 1988 1505 2061 ἡμᾶς
1523 2012 1600 2060 γε,
1623 1994 1744 2059 ἔφη,
1767 1986 1886 2043 ἀλλ’

228 2080 408 2143 εἴπερ,
448 2074 522 2127 σε’.
565 2070 685 2127 ἀλλῖ
710 2069 1040 2140 ἀποκρίνου·
1077 2067 1211 2143 ἧᾶεὶ
1232 2072 1405 2145 τούτῳ
1427 2074 1735 2136 ἐπίστασαι,
1766 2067 1891 2138 Ἀεί,

229 2148 296 2224 ἧν
327 2152 377 2209 δ’
410 2154 544 2225 ἐγώ,
586 2152 767 2224 ἐπειδὴ
794 2158 879 2209 δεῖ
892 2153 1117 2224 ἀφελεῖν
1136 2152 1194 2209 τὸ
1218 2153 1366 2209 ὅταν.
1445 2151 1670 2208 Οὐκοῦν
1690 2151 1770 2206 ἀεὶ
1793 2149 1893 2221 μὲν

224 2234 401 2309 τούτῳ
449 2237 752 2290 ἐπίστασαι·
803 2232 886 2289 ἀεὶ
925 2234 978 2288 δ’
1019 2235 1373 2305 ἐπιστάμενος
1417 2235 1652 2302 πότερον
1692 2230 1756 2285 τὰ
1793 2230 1892 2301 μὲν

226 2316 402 2389 τούτῳ
426 2318 705 2371 ἐπίστασαι
720 2309 764 2390 ᾦ
782 2319 1080 2386 ἐπίστασαι,
1102 2315 1165 2371 τὰ
1188 2315 1231 2370 δ’
1253 2314 1418 2388 ἄλλῳ,
1436 2313 1470 2386 ἢ
1491 2315 1665 2387 τούτῳ
1687 2311 1890 2376 animm

231 2397 439 2494 Τούτῳ,
459 2400 600 2468 ἔφην
624 2398 748 2468 ἐγώ,
771 2396 1012 2468 ἅπαντα,
1035 2396 1071 2451 ἅ
1089 2396 1142 2466 γ’
1167 2400 1466 2467 επίσταμαι.
1514 2393 1674 2450 Τοῦτ’
1699 2397 1890 2461 ἐκεῖνο,

224 2483 357 2579 ἔφη·
395 2479 517 2576 ήκει
544 2477 604 2534 τὸ
646 2478 779 2533 αὐτὸ
818 2480 1210 2550 παραφθεγμα.
1280 2476 1424 2533 Ἀλλ’
1463 2476 1709 2546 αφαιρῶ,
1752 2481 1890 2544 ἔφην

225 2559 348 2630 ἐγώ,
370 2558 429 2613 τὸ
453 2558 489 2614 α’
508 2559 562 2629 γ’
585 2564 882 2630 ἐπισταμαι.
953 2559 1111 2616 Ἀλλὰ
1131 2560 1308 2631 μηδε
1287 2582 1347 2615 εν
1360 2563 1520 2630 ,ἔφη,
1542 2556 1770 2628 ἀφέλῃς
1794 2554 1890 2610 οὐ-

166 2653 201 2695 C
230 2642 322 2698 δεν
364 2641 469 2710 γάρ
508 2658 611 2696 σου
648 2645 850 2712 δέομαι.
908 2640 1046 2697 ἄλλα
1084 2663 1175 2711 μοι
1211 2639 1536 2707 ἀπόκριναι
1587 2637 1779 2693 δύναιο
1821 2660 1892 2691 αν

225 2722 439 2778 ἅπαντα
461 2725 812 2792 ἐπίστασθαι,
837 2723 971 2794 εἰμὴ
997 2724 1173 2778 πάντα
1195 2726 1461 2786 ἐπι’σταιο;
1504 2722 1674 2787 Τέρας
1693 2718 1796 2788 γὰρ
1819 2714 1889 2771 ἄν

225 2812 336 2874 εἴη,
376 2797 447 2874 ἦν
485 2802 535 2858 δ’
576 2803 695 2873 ἐγώ.
737 2804 825 2858 καὶ
857 2799 916 2867 ὃς
948 2802 1086 2858 εἷπε·
1126 2808 1428 2871 Προστίθει
1458 2806 1646 2855 τοίνυν
1667 2799 1769 2869 ἤδη
1791 2797 1890 2854 ὅτι
