2020 3094
122 90 176 138 37
692 82 1239 131 ΕΤΘΤΔΗΜΟΣ.
1701 79 1801 130 125

122 218 339 289 ρυόνην
367 216 464 287 ἄν,
502 221 637 287 ἔφη,
675 216 768 271 καὶ
795 212 894 270 τὸν
920 214 1208 285 Βριάρεων
1237 213 1385 270 οὕτω
1416 212 1488 269 σύ
1524 212 1801 279 ὁπλίσαις;

122 300 231 370 ἐγῶ
251 301 312 357 δὲ
332 299 487 373 ᾤμην
516 316 579 354 σε
612 297 930 367 δεινότερον
959 296 1127 367 εἶναι,
1167 296 1262 353 ἅτε
1294 294 1615 368 ὁπλομάχην
1645 294 1799 366 ὄντα,

121 383 212 438 καὶ
246 381 410 437 τόνδε
444 379 542 436 τόν
577 382 811 449 ἑταῖρον.
848 380 937 434 καὶ
972 377 1000 433 ὁ
1034 380 1134 450 μὲν
1163 377 1503 451 Εὐθύδημος
1522 381 1799 450 ἐσίγησεν·

122 462 151 520 ὁ
175 463 234 520 δὲ
251 463 687 533 Διονυσόδωρος
717 460 858 530 πρὸς
885 459 951 515 τὰ
983 462 1256 531 πρότερον
1285 458 1693 532 ἀποκεκριμένα
1723 466 1801 533 τῷ
1831 468 1867 510 D

123 552 426 619 Κτησίππῳ
447 546 636 616 ἤρετο,
671 541 899 600 Οὐκοῦν
918 545 1009 600 καὶ
1029 553 1283 614 χρυσίον,
1323 537 1358 614 ἦ
1380 543 1434 598 δ’
1455 542 1540 613 ὃς,
1579 539 1802 612 ἀγαθὸν

122 632 280 683 δοκεῖ
292 645 379 682 σοι
400 626 538 682 εἶναι
571 631 738 696 ἔχειν;
775 626 970 692 Πάνυ,
1001 629 1090 680 καὶ
1119 626 1292 680 ταῦτά
1321 647 1385 696 γε
1415 625 1590 695 πολύ,
1631 629 1736 697 ἔφη
1769 623 1798 680 ὁ

120 709 455 779 Κτήσιππος.
538 714 606 763 Τί
631 701 767 774 οὖν;
805 707 993 777 ἀγαθὰ
1013 706 1083 763 ού
1104 712 1257 762 δοκεῖ
1271 723 1358 761 σοι
1377 706 1626 777 χρήματα
1645 705 1733 763 ἀεί
1747 705 1800 762 τ’

119 797 263 860 ἔχειν
300 792 390 846 καὶ
427 796 738 861 πανταχοῦ;
775 790 1014 860 Σφόδρα
1045 787 1122 860 γ’,
1161 793 1282 859 ἔφη.
1361 786 1588 843 Οὐκοῦν
1617 790 1708 844 καὶ
1736 787 1798 845 τὸ

119 878 351 942 χρυσίον
379 870 602 943 ἀγαθὸν
638 870 925 942 ὁμολογεῖς
961 869 1129 938 εἷναι;
1162 868 1512 941 Ὡμολόγηκα
1541 869 1644 940 μὲν
1675 865 1797 941 οὖν,

36 956 37 971 ’
119 947 155 1023 ἦ
186 951 236 1008 δ’
273 952 347 1018 ὃς.
427 951 656 1009 Οὐκοῦν
675 951 759 1009 ἀεὶ
780 958 867 1009 δεῖ
881 951 1014 1009 αὐτὸ
1036 957 1176 1023 ἔχειν
1195 953 1286 1008 καὶ
1314 958 1600 1023 πανταχοῦ
1617 953 1708 1008 καὶ
1727 948 1799 1017 ὡς

117 1036 351 1106 μάλιστα
385 1038 446 1091 ἐν
474 1036 676 1108 ἑαυτῷς
713 1037 804 1091 καὶ
832 1043 914 1106 εἴη
946 1031 1019 1091 ἄν
1049 1033 1563 1106 εὐδαιμονέστατος,
1603 1038 1654 1090 εἰ
1685 1038 1796 1105 ἔχοι
1826 1043 1859 1084 E

117 1126 350 1187 χρυσίου
368 1117 470 1188 μὲν
499 1123 622 1188 τρία
652 1118 892 1173 τάλαντα
922 1119 983 1173 ἐν
1012 1124 1080 1190 τῇ
1109 1123 1333 1187 γαστρί,
1368 1117 1643 1173 τάλαντον
1664 1115 1716 1172 δ’
1736 1119 1800 1172 ἐν

117 1205 195 1272 τῷ
222 1205 460 1272 κρανίῳ,
498 1206 738 1270 στατῆρα
770 1199 828 1256 δὲ
856 1205 1068 1270 χρυσοῦ
1096 1202 1158 1255 ἐν
1187 1200 1423 1274 ἑκατέρῳ
1443 1197 1797 1274 τῶφθαλμῷς

118 1286 270 1338 Φασί
281 1303 344 1350 γε
364 1275 497 1351 οὖν,
538 1275 582 1336 ῶ
612 1279 948 1353 Εὐθύδημε,
992 1285 1096 1353 ἔφη
1128 1279 1157 1336 ὁ
1179 1280 1525 1353 Κτήσιππος,
1564 1283 1798 1348 τούτους

121 1363 654 1436 εὐδαιμονεστάτους
688 1365 829 1422 εἶναι
865 1371 1118 1422 Σκυθῶν
1152 1367 1245 1421 καὶ
1282 1363 1539 1433 ἀρίστους
1567 1365 1796 1437 ἄνδρας,

120 1455 179 1505 οἳ
199 1454 432 1520 χρυσίον
460 1470 518 1504 τε
541 1451 603 1504 ἐν
627 1460 741 1513 τοῖς
769 1454 1015 1519 κρανίοις
1044 1452 1229 1518 ἔχουσι
1258 1447 1404 1503 πολύ
1432 1459 1545 1514 τοῖς
1563 1448 1794 1518 ἑαυτῶν,

121 1529 306 1599 ῶσπερ
326 1528 399 1585 σύ
419 1537 527 1585 νῦν
548 1529 614 1601 δὴ
636 1535 817 1601 ἔλεγες
834 1531 933 1587 τὸν
954 1530 1100 1586 κύνα
1120 1527 1220 1587 τὸν
1240 1532 1465 1602 πατέρα,
1487 1530 1578 1586 καὶ
1597 1528 1628 1585 ὃ
1646 1538 1798 1586 θαυ-

119 1610 459 1684 μασιῶτερόν
485 1633 548 1682 γε
576 1615 680 1682 ἔτι,
721 1611 805 1667 ὅτι
830 1613 920 1668 καὶ
940 1618 1202 1668 πίνουσιν
1220 1616 1279 1668 ἐκ
1297 1618 1410 1668 τῶν
1427 1613 1642 1668 ἑαυτῶν
1659 1634 1798 1681 κρα-

120 1700 255 1750 νίων
272 1696 727 1765 κεχρυσωμένων,
746 1697 836 1750 καὶ
854 1701 1027 1750 ταῦτα
1046 1694 1199 1759 ἐντὸς
1218 1700 1524 1764 καθορῶσι,
1545 1692 1647 1766 τὴν
1666 1696 1798 1751 ἑαυ-

118 1781 232 1831 τῶν
259 1774 518 1846 κορυφὴν
538 1778 598 1831 ἐν
625 1787 742 1841 ταῖς
765 1777 951 1847 χερσὶν
980 1781 1208 1847 ἔχοντες.
1283 1774 1536 1845 Πότερον
1565 1776 1623 1831 δὲ
1646 1773 1794 1845 ὁρῶ·
1824 1789 1909 1833 3oe

119 1875 238 1929 σιν,
276 1863 381 1929 ἔφη
414 1857 442 1912 ὁ
475 1856 843 1929 Εὐθύδημος,
882 1860 972 1914 καὶ
1002 1858 1231 1914 Σκύθαι
1259 1878 1315 1912 τε
1344 1860 1435 1913 καὶ
1454 1860 1511 1914 οἱ
1523 1856 1680 1914 ἄλλοι
1695 1856 1798 1913 ἅν-

118 1948 341 2011 θρωποι
369 1938 434 1995 τὰ
465 1938 676 1995 δυνατὰ
704 1938 847 2013 ὁρᾷν
874 1935 912 2011 ἦ
944 1940 1010 1995 τὰ
1041 1938 1316 2007 ἀδύνατα;
1362 1939 1442 1995 Τὰ
1463 1937 1672 1996 δυνατὰ
1696 1939 1798 2010 δή·

118 2042 243 2078 που.
322 2019 552 2077 Οὐκοῦν
581 2023 671 2077 καὶ
689 2022 787 2092 σύ,
820 2026 954 2093 ἔφης
996 2020 1180 2092 Κάγώ.
1246 2020 1412 2095 Ὁρᾷς
1443 2014 1550 2077 οὖν
1573 2020 1639 2076 τοὶ
1664 2019 1799 2094 ἡμέ-

119 2125 247 2172 τερα
268 2104 482 2175 ἱμάτια;
520 2109 646 2160 Ναί.
704 2103 935 2160 Δυνατά
956 2099 1062 2160 οὖν
1082 2103 1223 2178 ὁρᾷν
1244 2106 1355 2161 ἐστὶ
1373 2110 1560 2159 ταῦτα.
1604 2102 1798 2174 ’Υπερ-

121 2194 295 2258 φυῶς,
317 2191 422 2257 ἔφη
445 2184 475 2242 ὁ
495 2186 828 2258 Κτήσιππος.
909 2192 979 2243 Τί
993 2191 1076 2250 δέ;
1113 2181 1148 2258 ἦ
1177 2185 1230 2242 δ’
1263 2186 1338 2252 ὅς.
1400 2187 1612 2258 Μηδέν.
1651 2186 1722 2242 σύ
1743 2187 1797 2243 δ’

122 2278 254 2333 ἴσως
273 2265 376 2323 ούκ
397 2275 498 2323 οἰει
519 2266 659 2323 αὐτοὶ
683 2265 848 2342 ὁρᾷν·
879 2267 1055 2334 οὕτως
1075 2266 1211 2339 ἡδύς
1235 2268 1294 2324 εἷ.
1329 2267 1469 2325 ἀλλά
1490 2291 1582 2341 μοι
1601 2273 1797 2340 δοκεῖς,

120 2348 445 2421 Εὐθύδημε,
468 2348 538 2404 οὐ
558 2350 858 2406 καθεύδων
875 2354 1347 2422 ἐπικεκοιμῆσθαι,
1369 2352 1460 2408 καὶ
1480 2354 1579 2408 *εί*
1601 2348 1723 2408 οἷόν
1741 2373 1798 2408 τε

117 2435 347 2502 λέγοντα
365 2432 538 2503 μηδὲν
557 2436 752 2501 λέγειν,
773 2435 862 2488 καὶ
883 2431 955 2488 σύ
975 2439 1138 2489 τοῦτο
1159 2445 1351 2490 ποιεῖν.
1827 2444 1858 2484 B

259 2519 441 2570 XXVI.
507 2508 577 2569 'H
603 2514 708 2584 γὰρ
740 2513 844 2570 οὐκ
875 2510 997 2571 οἷόν
1024 2537 1107 2583 τε,
1147 2520 1253 2587 ἔφη
1285 2513 1314 2571 ὁ
1344 2515 1795 2587 Διονυσόδωρος,

117 2601 359 2666 σιγῶντα
389 2600 594 2667 λέγειν;
636 2594 773 2653 Οὐδ’
807 2595 1147 2663 ὁπωστιοῦν,
1184 2591 1290 2668 ἧδ’
1325 2596 1387 2663 ὃς
1407 2596 1436 2654 ὁ
1458 2597 1795 2671 Κτήσιππος.

111 2669 229 2745 'Ao'
268 2676 398 2735 οὐδὲ
434 2683 664 2749 λέγοντα
701 2686 895 2754 σιγᾷν;
922 2678 1037 2735 Ἕτι
1071 2673 1265 2752 ἦττον,
1302 2685 1427 2753 ἔφη.
1485 2678 1655 2737 Ὅταν
1693 2673 1797 2735 οὖν

122 2764 318 2826 λίθους
348 2765 506 2835 λέγῃς
535 2764 625 2818 καὶ
656 2762 794 2828 ξύλα
825 2764 914 2819 καὶ
947 2762 1193 2836 σιδήρια,
1235 2761 1304 2819 οὐ
1334 2769 1574 2835 σιγῶντα
1597 2763 1798 2833 λέγειςς
