1962 3112
159 112 258 164 168
764 110 1241 160 ΠΛΑΤΩΝΟΣ
1774 120 1843 164 εα

158 246 231 318 μὴ
264 253 510 318 μετεῖναί
533 248 590 303 οἶ
616 250 986 317 μακρολογίας
1015 245 1107 299 καὶ
1128 257 1452 315 Υπαραχωρεῖ
1464 245 1828 319 Πρωταγόρᾳ,

104 339 134 381 C
161 335 262 383 τοῦ
284 327 342 383 δὲ
362 332 718 399 διαλέγεσθαι
743 322 858 390 οἷός
888 324 927 380 τ’
956 324 1097 380 εἶναι
1115 327 1207 382 καὶ
1228 329 1556 382 ἐπίστασθαι
1585 327 1756 397 λόγον
1774 349 1836 382 τε-

158 414 354 466 δοῦναι
374 413 465 465 καὶ
483 414 747 476 δέξασθαι
764 407 1091 479 θαυμάζοιμ’
1123 405 1195 464 ἀν
1223 416 1363 483 εἵτςο
1384 406 1707 480 ἀνθρώπων
1726 430 1839 464 πα-

156 503 405 561 ραχωρεῖ.
446 492 613 562 εἰμὲν
642 485 749 547 οὖν
766 495 858 547 καὶ
875 489 1252 560 Πρωταγόρας
1280 487 1540 561 ὁμολογεῖ
1555 491 1831 561 φαυλότε-

157 595 251 643 ρος
275 572 416 628 εἶναι
431 575 771 645 Σωκράτους
793 579 1183 644 διαλεχθῆναι,
1208 577 1425 642 ἐξαρκεῖ
1439 574 1750 641 Σωκράτει·
1785 579 1834 629 εἰ

156 656 214 712 δὲ
234 655 619 726 ἀντιποιεῖται,
651 659 989 727 διαλεγέσθω
1011 658 1232 724 ἐρωτῶν
1254 678 1310 711 τε
1340 657 1432 711 καὶ
1460 654 1835 726 ἀποκρινόμε-

155 759 267 809 νος,
282 736 354 840 μὴ
377 736 456 808 ἐφ’
474 739 675 811 ἑκάστῃ
695 738 954 843 ἐρωτήσει
972 737 1190 809 μακρὸν
1209 737 1379 808 λόγον
1400 736 1726 806 ἀποτείνων,
1740 739 1833 792 ἐκ-

155 822 384 891 κρούων
406 820 537 887 τοὺς
558 821 758 891 λόγους
776 822 867 876 καὶ
887 819 990 875 οὐκ
1013 823 1225 876 ἐθέλων
1249 819 1467 874 διδόναι
1487 819 1686 889 λόγον,
1719 816 1833 874 ἀλλ’

91 916 125 957 D
154 902 533 975 ἀπομηκύνων
561 905 664 968 ἓως
694 899 766 959 ἀν
796 902 1168 958 ἐπιλάθωνται
1200 903 1324 971 περὶ
1347 900 1482 955 ὅτου
1499 900 1560 957 τὸ
1583 900 1834 972 ἐρώτημα

152 988 225 1055 ἦν
253 989 310 1040 οι
335 987 527 1040 πολλοὶ
556 988 670 1040 των
701 983 1053 1040 ἀκουόντων·
1090 985 1205 1040 ἐπεὶ
1224 984 1500 1055 Σωκράτη
1520 1005 1583 1053 γε
1612 981 1718 1053 ἐγω
1739 985 1831 1052 ἐγ-

150 1090 369 1138 γυωμαι
387 1066 460 1139 μὴ
482 1067 867 1138 ἐπιλήσεσθαι,
878 1089 1007 1152 novx
1028 1066 1113 1122 ότι
1142 1072 1315 1134 παίζει
1332 1072 1430 1122 καί
1445 1083 1616 1137 φησιν
1637 1066 1828 1137 ἐπιλή-

153 1168 309 1222 σμων
330 1150 484 1206 εἶναι.
542 1151 660 1220 ἐμοι
694 1172 795 1219 μεν
828 1142 934 1203 οὖν
965 1152 1123 1205 δοκεῖ
1142 1152 1508 1222 ἐπιεικέστερα
1526 1150 1837 1220 Σωκράτης

152 1235 356 1303 λέγειν·
395 1231 495 1304 χρὴ
525 1231 632 1303 γὰρ
661 1234 897 1288 ἕκαστον
915 1230 1019 1302 τὴν
1049 1233 1250 1287 ἑαυτοῦ
1269 1232 1499 1331 γνώμην
1518 1230 1831 1303 ἀποφαινε-

153 1324 302 1371 σθαι.
338 1315 472 1386 μετὰ
495 1319 554 1371 δε
573 1312 673 1370 τὸν
693 1312 1070 1419 Ἀλκιβιάδην,
1106 1311 1179 1378 ὡς
1197 1317 1430 1388 ἐγωμαι,
1461 1321 1690 1384 Κριτίας
1707 1317 1780 1384 ἠν
1798 1312 1827 1369 ὁ

153 1395 348 1452 εἰπών·
389 1391 453 1452 Ὦ,
483 1397 727 1468 Πρόδικε
765 1398 857 1451 καὶ
887 1393 1092 1466 “’,Ιππια
1131 1402 1374 1461 Καλλίας
1413 1397 1516 1467 μὲν
1553 1400 1711 1451 δοκεῖ
1739 1418 1833 1467 μοι

93 1499 121 1539 Ε
152 1479 299 1550 μάλα
317 1500 454 1550 προς
464 1479 846 1550 Πρωταγορου
868 1477 1026 1545 εἶναι,
1043 1475 1382 1549 Ἀλκιβιάδης
1404 1481 1462 1533 δὲ
1475 1477 1559 1534 ἀεὶ
1580 1479 1830 1548 φιλόνει-

152 1561 248 1626 κός
268 1564 381 1617 ἐστι
401 1561 539 1633 πρὸς
558 1559 588 1618 ὃ
608 1559 680 1617 ἀν
709 1561 952 1633 ὁρμήσῃ·
991 1557 1134 1631 ἡμᾶς
1164 1561 1222 1616 δὲ
1251 1559 1418 1616 οὐδὲν
1447 1564 1536 1616 δεῖ
1547 1568 1826 1631 συμφιλο-

151 1656 354 1700 νεικεῖν
377 1644 504 1700 οὔτε
522 1644 813 1714 Σωκράτει
833 1642 960 1699 οὔτε
985 1643 1358 1716 Πρωταγόρᾳ,
1380 1641 1519 1699 ἀλλά
1540 1649 1702 1715 κοινῇ
1722 1641 1830 1714 ἀμ-

35 1740 121 1792 337
152 1731 405 1797 φοτέρων
425 1732 645 1783 δεῖσθαι
664 1726 736 1798 μὴ
761 1724 962 1797 μεταξὺ
986 1729 1242 1780 διαλῦσαι
1263 1724 1367 1796 τήν
1387 1730 1701 1791 ξυνουσίαν.
1752 1730 1831 1780 εἰ·-

153 1808 355 1873 πόντος
389 1813 448 1863 δὲ
478 1807 653 1864 αὐτοῦ
678 1814 877 1877 ταῦτα,
917 1805 945 1862 ὁ
970 1808 1279 1879 Πρόδικος,
1318 1814 1520 1872 Καλῶς
1543 1830 1665 1879 μοι,
1703 1811 1827 1878 ἔφη,

151 1895 328 1956 δοκεῖς
347 1895 556 1962 λέγειν,
579 1883 624 1946 ὦ
642 1896 838 1959 Κριτία
852 1912 862 1922 ·
899 1888 1000 1960 χρὴ
1022 1888 1131 1961 γάρ
1150 1891 1280 1955 τοὺς
1309 1893 1368 1945 ἐν
1386 1895 1623 1945 τοιοῖσδε
1642 1890 1830 1960 λόγοις

149 1976 664 2044 παραγιγνομένους
687 1970 914 2036 κοινοὺς
938 1972 1040 2042 μὲν
1069 1971 1209 2027 εἶναι
1238 1970 1450 2043 ἀμφοῖν
1486 1984 1606 2028 τοῖν
1642 1975 1827 2027 διαλε-

147 2060 410 2127 γομένοιν
426 2054 717 2127 ἀκροατάς,
733 2063 888 2120 ἴσους
908 2053 967 2110 δὲ
986 2052 1076 2125 μή.
1114 2058 1227 2109 ἔστι
1236 2053 1343 2124 γάρ
1366 2053 1434 2109 οὐ
1454 2054 1661 2111 ταύτόν
1674 2077 1684 2087 ·
1708 2078 1828 2111 κοι-

147 2146 217 2212 νῇ
248 2142 350 2209 μὲν
378 2138 485 2210 γὰρ
519 2138 756 2194 ἀκοῦσαι
785 2141 872 2193 δεῖ
900 2134 1259 2208 ἀμφοτέρων,
1297 2137 1369 2209 μὴ
1403 2146 1528 2194 ἴσον
1556 2138 1615 2195 δὲ
1645 2150 1827 2210 νεῖμαι

145 2222 402 2295 ἑκατέρῳ,
429 2220 569 2277 ἀλλά
589 2228 667 2295 τῷ
685 2221 787 2292 μὲν
803 2222 1102 2294 σοφωτέρᾳ)
1123 2223 1310 2291 πλέον,
1332 2226 1408 2292 τῷ
1430 2219 1489 2275 δὲ
1512 2218 1826 2290 ἀμαθεστέ-

145 2324 223 2374 ρω
255 2308 498 2359 ἔλαττον.
552 2301 659 2373 ἐγώ
692 2303 794 2373 μὲν
825 2305 918 2358 καὶ
947 2300 1139 2373 αὐτός,
1177 2296 1224 2358 αἶ
1249 2302 1599 2373 Πρωταγόρα
1634 2324 1693 2357 τε
1731 2304 1824 2357 καὶ

143 2384 469 2456 Σώκρατες,
509 2383 642 2451 ἀξιῶ
660 2382 803 2455 ὑμᾶς
832 2397 1140 2456 συγχωρεῖν
1168 2387 1260 2441 καὶ
1289 2384 1547 2456 ἀλλήλοις
1564 2385 1822 2452 περὶτῶν

79 2480 111 2523 Β
141 2466 326 2536 λόγων
368 2465 734 2538 ἀμφισβητεῖν
770 2468 899 2537 μέν,
937 2470 1129 2537 ἐρίζειν
1165 2469 1223 2525 δὲ
1260 2469 1358 2540 μή·
1411 2467 1822 2539 ἀμφισβητοῦσι

142 2547 247 2619 μὲν
271 2548 378 2619 γὰρ
415 2551 506 2604 καὶ
527 2547 593 2603 δι’
613 2547 844 2604 εὔνοιαν
872 2552 929 2604 οἱ
945 2554 1099 2620 φίλοι
1118 2563 1230 2616 τοῖς
1250 2556 1459 2622 φίλοις,
1499 2553 1736 2619 ἐρίζουσι
1756 2551 1815 2604 δὲ

141 2634 198 2686 οἱ
216 2631 484 2702 διάφοροί
497 2653 553 2685 τε
577 2632 669 2686 καὶ
698 2632 889 2701 ἐχθροὶ
907 2630 1178 2704 ἀλλήλοις.
1228 2634 1321 2687 καὶ
1340 2630 1517 2696 οὕτως
1537 2627 1607 2686 ἀν
1627 2636 1817 2687 καλλί-

139 2731 239 2784 στη
268 2711 403 2784 ἡμῖν
433 2710 467 2784 ἡ
491 2719 763 2768 συνουσία
793 2719 1039 2783 γίγνοιτο
1056 2734 1068 2746 ·
1107 2712 1264 2785 ὑμεῖς
1283 2734 1342 2768 τε
1360 2712 1467 2784 γὰρ
1488 2715 1545 2768 οἱ
1560 2716 1815 2782 λέγοντες

136 2793 348 2869 μάλιστ’
370 2791 443 2850 ἀν
463 2795 641 2861 οὕτως
660 2798 722 2852 ἐν
747 2794 881 2866 ἡμῖν
901 2808 1015 2860 τοῖς
1035 2794 1343 2851 ἀκούουσιν
1364 2794 1705 2867 εὐδοκιμοῖτε
1724 2796 1815 2850 καὶ
1859 2828 1861 2831 -
