1962 3112
588 0 1293 38 „„„„„„„mw„yw„w„„.a

85 126 141 172 m
633 119 1201 168 ΠΡΩΤΑΓΟΒΑΣ
1658 116 1758 168 rm

82 252 452 324 ριπτόματος·
491 250 632 324 αὕτη
652 251 758 322 γὰρ
777 250 920 322 μόνη
942 253 1055 308 ἐστὶ
1072 251 1213 323 κακὴ
1236 255 1444 323 πρᾶξις,
1462 252 1759 323 ἐπιστήμης

83 342 445 407 στερηθῆναι·
486 334 515 391 ὁ
536 334 595 390 δὲ
613 333 782 399 κακὸς
799 331 942 404 ἀνὴρ
963 330 1066 387 οὐκ
1087 332 1160 388 ἄν
1178 355 1310 408 ποτε
1326 335 1542 405 γένοιτο
1561 334 1754 398 κακός·

82 424 194 475 ἐστι
221 416 330 488 γὰρ
361 415 450 472 ἀεί
460 439 470 449 ·
511 416 626 472 ἀλλ’
658 421 706 472 εἰ
731 416 915 486 μέλλει
941 413 1112 480 κακὸς
1139 419 1430 486 γενέσθαι,
1473 420 1558 472 δεῖ
1583 414 1758 472 αὐτὸν

79 500 356 570 πρότερον
375 499 596 572 ἆγαθὸν
612 501 889 570 γενέσθαι.
931 496 1070 553 ὥστε
1096 501 1186 554 καὶ
1204 506 1368 555 τοῦτο
1389 505 1491 554 τοῦ
1513 498 1755 572 ᾄσματος

78 582 216 654 πρὸς
234 591 398 639 τοῦτο
417 588 608 652 τείνει,
647 580 732 636 ὅτι
762 579 902 635 εἶναι
932 580 1035 650 μὲν
1054 579 1234 649 ἄνδρα
1265 579 1488 651 ἀγαθὸν
1509 579 1611 652 οὐχ
1631 578 1753 638 οἷόν
1784 594 1815 637 C

79 688 134 722 τε
153 671 509 722 διατελοῦντα
528 663 776 734 ἀγαθόν,
798 665 1062 732 γενέσθαι
1083 662 1141 717 δὲ
1159 661 1382 733 ἀγαθὸν
1404 660 1526 718 οἶόν
1543 685 1628 734 τε,
1659 663 1752 718 καὶ

78 748 252 805 κακόν
270 772 331 819 γε
350 747 450 804 τὸν
469 746 644 803 αὐτὸν
662 752 862 801 τοῦτον
875 768 887 778 ·
934 746 1020 801 ἐπὶ
1048 752 1307 800 πλεῖστον
1337 746 1396 799 δὲ
1426 746 1518 800 καὶ
1537 743 1754 812 ἄριστοί

79 835 217 887 εἰσιν
238 829 337 896 οὓς
355 827 429 886 ἂν
450 834 506 885 οἱ
523 832 648 885 θεοὶ
670 835 923 899 φιλῶσιν.

215 919 399 969 XXXI.
484 912 666 967 Ταῦτά
686 932 743 966 τε
764 904 869 966 οὖν
887 908 1067 964 πάντα
1098 906 1235 977 πρὸς
1263 908 1365 964 τὸν
1382 907 1658 965 Πιττακὸν
1674 916 1754 964 εἴ-

78 1017 263 1066 ρηται,
302 993 478 1051 καὶτὰ
497 994 722 1051 ἐπιόντα
750 1015 815 1063 γε
843 998 944 1048 τοῦ
966 991 1208 1066 ᾄσματος
1237 997 1314 1048 ἔτι
1344 1000 1558 1064 μᾶλλον
1579 996 1749 1063 δηλοῖ.

77 1078 361 1149 φησὶνᾰο’

214 1159 481 1216 τοῦνεκεν
501 1159 571 1214 οὔ
590 1157 700 1214 ποτ’
727 1158 832 1230 ἐγω
851 1159 912 1214 τὸ
933 1157 1004 1230 μὴ
1027 1161 1291 1228 γενέσθαι
1312 1157 1554 1214 δυνατὸν

217 1242 501 1314 διζήμενος
529 1240 728 1298 κενεὰν
769 1245 821 1307 ἐς
849 1241 1133 1308 ἄπρακτον
1163 1242 1354 1296 ἐλπίδα
1385 1253 1586 1313 μοῖραν
1616 1245 1752 1298 αἰῶ-

762 1347 857 1389 νος
883 1325 1080 1396 βαλέω,

216 1408 564 1478 πανάμωμον
583 1405 919 1478 ἄνθρωπον,
954 1405 1258 1477 εὐρυεδοῦς
1275 1405 1398 1463 ὅσοι
1426 1405 1645 1479 καρπὸν
1664 1412 1753 1464 αἰ-

754 1489 979 1560 νύμεθα
996 1489 1227 1559 χθονός·

213 1570 382 1628 ἔπειθ’
405 1570 537 1643 ὑμῖν
557 1569 742 1642 εὑρών
761 1569 1099 1643 ἀπαγγελέω,
1782 1593 1815 1632 n

73 1661 243 1727 φησίν
257 1677 270 1691 ·
306 1654 453 1710 οὕτω
478 1655 700 1725 σφόδρα
718 1657 810 1710 καὶ
840 1652 904 1710 δι’
927 1654 1065 1710 ὅλου
1083 1661 1185 1710 τοῦ
1204 1654 1447 1729 ᾅσματος
1465 1657 1747 1727 ἐπεξέρχε-

73 1761 159 1794 ται
179 1744 253 1813 τῷ
277 1745 380 1794 τοῦ
397 1743 677 1793 Πιττακοῦ
697 1738 895 1808 ῥήματι
908 1759 919 1770 ·

214 1820 422 1884 πάντας
441 1819 492 1875 δ’
516 1823 778 1891 ἐπαίνημι
798 1823 889 1876 καὶ
908 1825 1077 1891 φιλέω

210 1904 351 1962 ἑκών
371 1904 519 1968 ὅστις
537 1905 670 1976 ἔρδῃ

211 1987 384 2060 μηδὲν
410 1987 662 2057 αἰσχρόν·
702 1984 916 2057 ἀνάγκῃ
937 1984 989 2040 δ’
1014 1984 1144 2041 οὐδὲ
1163 1986 1287 2041 θεοὶ
1306 1985 1574 2055 μα’χονται
1588 2005 1599 2016 ·

71 2073 160 2126 καὶ
179 2068 328 2125 τοῦτ’
352 2070 463 2125 ἐστὶ
484 2066 623 2138 πρὸς
642 2066 703 2123 τὸ
727 2067 862 2124 αὐτὸ
884 2075 1049 2124 τοῦτο
1072 2070 1376 2140 εἰρημένον.
1422 2066 1492 2124 οὐ
1511 2065 1619 2140 γὰρ
1643 2067 1746 2124 01⁹5-

71 2173 176 2217 τως
193 2149 520 2215 ἀπαίδευτος
539 2144 611 2222 ἦν
630 2155 961 2222 Σιμωνίδης,
985 2150 1125 2207 ὥστε
1142 2151 1376 2217 τούτους
1395 2151 1571 2223 φάναι
1589 2154 1745 2208 ἐπαι-

70 2245 215 2301 νεῖν,
252 2230 312 2297 ὃς
341 2228 413 2286 ἄν
442 2231 584 2287 ἑκών
611 2235 783 2302 μηδὲν
813 2231 990 2288 κακὸν
1019 2239 1177 2305 ποιῇ,
1213 2230 1285 2298 ὡς
1304 2231 1487 2288 ὄντων
1504 2239 1674 2289 τινῶν
1693 2238 1748 2288 οἳ

71 2316 290 2380 ἑκόντες
321 2313 462 2369 κακὰ
491 2320 762 2370 ποιοῦσιν.
818 2315 927 2385 ἐγώ
947 2313 1054 2385 γὰρ
1085 2315 1285 2385 σχεδόν
1310 2338 1361 2370 τι
1392 2313 1542 2387 οἶμαι
1559 2322 1743 2385 τοῦτο,

70 2395 154 2453 ὅτι
173 2394 355 2464 οὐδεὶς
377 2403 491 2452 τῶν
509 2404 705 2467 σοφῶν
724 2395 949 2468 ἀνδρῶν
972 2396 1178 2469 ἡγεῖται
1197 2395 1402 2454 οὐδένα
1421 2395 1746 2471 ἀνθρώπων

69 2478 268 2536 ἑκόντα
288 2479 681 2550 ἐξαμαρτάνειν
700 2477 830 2534 οὐδὲ
851 2480 1046 2551 αἰσχρά
1068 2501 1125 2536 τε
1156 2482 1247 2537 καὶ
1266 2478 1410 2536 κακοὶ
1432 2480 1633 2538 ἑκόντα
1653 2484 1742 2551 ἐρ-
1777 2507 1807 2547 Β,

70 2561 358 2630 γάζεσθαι,
390 2559 505 2616 ἀλλ’
527 2555 591 2616 εὖ
627 2569 811 2617 ἴσασιν
830 2560 914 2617 ὅτι
943 2561 1142 2628 πάντες
1162 2567 1219 2619 οἱ
1242 2561 1307 2618 τὰ
1340 2561 1535 2634 αἰσχρὰ
1566 2563 1741 2620 καὶτὰ

70 2640 212 2697 κακὰ
232 2649 521 2707 ποιοῦντες
541 2642 769 2708 ἄκοντες
787 2650 1008 2699 ποιοῦσι
1023 2665 1034 2676 ·
1071 2648 1158 2700 καὶ
1180 2644 1246 2717 δὴ
1267 2648 1356 2701 καὶ
1374 2643 1403 2702 ὁ
1425 2650 1742 2717 Σιμωνίδης

71 2720 172 2793 οὐχ
200 2719 260 2788 ὃς
277 2719 349 2779 ἄν
367 2722 440 2795 μὴ
473 2722 613 2779 κακὰ
646 2731 778 2797 ποιῇ
809 2724 979 2793 ἑκών,
1017 2726 1231 2783 τούτων
1262 2729 1432 2798 φησὶν
1459 2729 1743 2798 ἐπαινέτης

71 2803 227 2874 εἶναι,
249 2802 386 2861 ἀλλὰ
407 2809 530 2875 περὶ
550 2810 753 2864 ἑαυτοῦ
771 2810 915 2879 λέγει
945 2815 1108 2865 τοῦτο
1131 2807 1192 2865 τὸ
1217 2810 1372 2866 ἑκών.
1430 2807 1614 2880 ἡγεῖτο
1633 2807 1740 2880 γὰρ

1399 2894 1450 2936 12
1463 2890 1487 2918 ¹⁸¹
