1962 3112
222 145 328 196 342
839 149 1130 198 ΠΛΑΤΩ
1143 111 1316 199 ΝὲοΣ
1821 160 1900 201 144

227 290 338 349 ρεῖς
367 278 583 352 ἄρχειν,
618 284 712 336 ἵνα
741 279 806 352 δὴ
837 281 1135 352 ἐλεύθερος
1162 276 1254 355 ᾗς,
1293 285 1427 353 ἐμοῦ
1459 286 1518 340 δὲ
1548 287 1829 356 ἐπιχειρεῖς
1846 307 1903 341 τε

229 362 418 433 ἄρχειν
437 364 529 417 καὶ
549 362 730 433 ἄρχεις
745 405 759 433 ,
783 363 1212 436 συγχωρήσομαί
1227 382 1314 420 σοι
1330 387 1341 396 ·
1377 371 1434 421 τί
1446 364 1554 437 γὰρ
1576 366 1676 437 χρὴ
1699 377 1900 432 ποιεῖν;

166 455 199 495 Ε
230 450 409 500 ἔοικεν
428 438 533 499 οὖν
555 448 821 501 σκεπτέον
846 445 1010 518 εἶναι,
1049 447 1211 503 ποῖόν
1237 454 1293 503 τί
1313 450 1462 503 ἐστιν
1493 446 1524 503 ὃ
1552 449 1712 519 μήπω
1745 457 1902 519 ἴσμεν

226 525 258 582 ὅ
277 549 327 580 τι
347 530 509 584 ἔστιν.
548 531 599 582 εἰ
613 528 688 598 μή
709 550 759 582 τι
782 523 886 584 οὖν
906 527 1045 584 ἄλλα
1066 531 1301 600 σμικρόν
1319 534 1387 601 γε’
1401 552 1494 601 μοι
1508 538 1604 602 τῆς
1619 529 1785 602 ἀρχῆς
1803 532 1892 602 χοὶ*

226 616 428 680 λασον,
460 610 551 664 καὶ
581 610 948 681 συγχώρησον
969 614 1022 676 ἐξ
1050 610 1375 677 ὑποθέσεως
1396 610 1531 668 αὐτὸ
1555 621 1896 683 σκοπεῖσθαι,

227 698 332 746 εἴτε
354 691 614 746 διδακτόν
634 695 782 747 ἐστιν
801 701 908 749 εἴτε
937 692 1214 750 ὁπωσοῦν.
1275 698 1414 764 λέγω
1448 695 1504 751 δὲ
1533 694 1594 751 τὸ
1616 699 1668 761 ἐξ
1689 693 1901 751 ὑποθέ-

225 790 363 839 σεως
402 767 536 845 ὦδε,
592 773 777 844 ὥσπερ
816 779 872 831 οὗ
905 778 1208 847 γεωμέτραι
1242 778 1508 843 πολλάκις
1545 784 1899 847 σκοποῦνται,

225 857 449 912 ἐπειδάν
469 879 547 922 τις
567 861 753 927 ἔρηται
774 856 1004 927 αὐτούς,
1025 857 1145 915 οἷον
1166 862 1289 931 περὶ
1306 866 1539 932 χωρίου,
1562 865 1612 916 εἰ
1628 855 1750 915 οἶόν
1769 881 1828 915 τε
1848 862 1900 925 ἐς

141 954 196 998 87
227 938 387 994 τόνδε
420 937 520 994 τὸν
547 938 757 994 κύκλον
786 939 912 994 τόδε
943 939 1002 995 τὸ
1043 948 1246 1012 χωρίον
1275 947 1548 1013 τρίγωνον
1581 945 1899 1013 ἐνταθῆναι,

226 1029 371 1076 εἴποι
387 1020 459 1077 ἄν
478 1044 558 1087 τις
578 1019 661 1077 ὅτι
679 1019 837 1076 οὔπω
859 1021 979 1078 οἶδα
999 1028 1049 1079 εί
1064 1028 1176 1079 ἔστι
1194 1031 1358 1082 τοῦτο
1371 1031 1644 1096 τοιοῦτον,
1666 1024 1780 1081 ἄλλ’
1795 1024 1900 1090 ὥς·

223 1124 326 1174 περ
367 1105 469 1173 μέν
505 1125 628 1158 τινα
666 1101 943 1159 ὑπόθεσιν
978 1105 1270 1177 προῦργου
1306 1107 1456 1179 οἶμαι
1492 1111 1632 1178 ἔχειν
1662 1107 1799 1178 πρὸς
1837 1107 1896 1163 τὸ

223 1193 450 1257 πρᾶγμα
470 1188 716 1242 τοιάνδε·
763 1189 933 1258 εἰμέν
964 1191 1075 1244 ἐστι
1106 1198 1270 1244 τοῦτο
1303 1189 1362 1245 τὸ
1391 1196 1595 1260 χωρίον
1623 1197 1897 1260 τοιοῦτον,

226 1267 345 1325 οἷον
365 1271 513 1340 παρὰ
552 1268 654 1342 τὴν
693 1275 960 1326 δοθεῖσαν
998 1271 1172 1328 αὐτοῦ
1208 1271 1469 1344 γραμμὴν
1498 1278 1898 1341 παρατείναντα

225 1353 492 1423 ἐλλείπειν
511 1354 742 1426 τοιούτω
762 1359 961 1427 χωρίῳ,
984 1350 1103 1410 οἷον
1123 1352 1194 1411 ἂν
1214 1354 1347 1412 αὐτὸ
1370 1354 1430 1411 τὸ
1453 1358 1899 1426 παρατεταμένον

222 1428 258 1507 ᾗ
272 1477 283 1500 ‚
307 1434 443 1490 ἄλλο
466 1457 518 1489 τι
537 1441 863 1507 συμβαίνειν
884 1459 976 1507 μοι
997 1442 1173 1508 δοκεῖ,
1212 1442 1301 1494 καὶ
1322 1438 1454 1494 ἄλλο
1477 1431 1577 1509 αὖ,
1617 1442 1668 1493 εἰ
1682 1436 1897 1493 ἀδύνα-

222 1516 323 1572 τόν
342 1519 455 1572 ε’στι
471 1522 646 1573 ταῦτα
666 1526 892 1574 παθεῖν·
932 1518 1281 1592 ὑποθέμενος
1302 1514 1407 1576 οὖν
1420 1522 1595 1576 ἐθέλω
1617 1524 1790 1575 εἰπεῖν
1809 1536 1891 1576 σοι

158 1612 192 1653 Β
222 1599 283 1654 τὸ
318 1607 629 1673 συμβαῖνον
658 1605 781 1671 περὶ
809 1610 903 1673 τῆς
933 1604 1202 1668 ἐντάσεως
1231 1601 1407 1659 αὐτοῦ
1435 1607 1510 1668 εἰς
1538 1600 1639 1657 τὸν
1667 1602 1888 1674 κύκλον,

221 1690 327 1738 εἴτε
347 1681 629 1740 ἀδύνατον
650 1694 755 1740 εἴτε
775 1685 865 1756 μή.

362 1774 539 1824 XXIII.
611 1767 774 1823 Οὕτω
794 1767 859 1838 δὴ
883 1771 972 1824 καὶ
991 1769 1115 1838 περὶ
1135 1766 1330 1838 ἀρετῆς
1355 1766 1535 1838 ἡμεῖς,
1574 1765 1757 1838 ἐπειδὴ
1790 1764 1892 1822 οὐκ

221 1856 380 1919 ἴσμεν
419 1847 543 1904 οὔθ’
578 1849 610 1904 ὅ
637 1855 693 1904 τί
716 1854 863 1906 ἐστιν
897 1849 1020 1906 οὔθ’
1055 1848 1253 1905 ὁποῖόν
1268 1872 1344 1916 τι,
1383 1848 1721 1920 ὑποθέμενοι
1757 1847 1890 1905 αὐτό

206 1937 518 2002 ’σκοπῶμεν
538 1939 644 1987 εἴτε
668 1931 928 1988 διδακτὸν
949 1941 1054 1988 εἴτε
1078 1929 1145 1986 οὐ
1167 1932 1428 1987 διδακτόν
1456 1934 1628 2000 ἐστιν,
1671 1924 1775 1986 ὧδε
1803 1933 1892 1986 λέ-

218 2035 410 2084 γοντες
426 2032 436 2041 ·
478 2018 528 2069 εἰ
554 2014 719 2069 ποῖόν
748 2021 801 2070 τί
829 2017 944 2069 ἐστι
966 2020 1079 2070 τῶν
1100 2014 1222 2082 περὶ
1238 2011 1340 2083 τὴν
1358 2010 1541 2083 ψυχὴν
1562 2011 1742 2067 ὄντων
1761 2010 1880 2082 οέρεί

217 2095 311 2166 τή,
343 2096 604 2150 διδακτὸν
635 2092 706 2151 ἄν
727 2102 808 2167 εἴη
829 2093 864 2167 ἦ
894 2095 962 2150 οὐ
994 2095 1279 2160 διδακτόν;
1318 2101 1539 2162 πρῶτον
1558 2094 1659 2165 μὲν
1679 2100 1727 2151 εἰ
1743 2101 1883 2151 ἔστιι

219 2176 444 2232 ἀλλοῖον
463 2173 499 2249 ἦ
521 2174 640 2233 οἷον
661 2179 921 2250 ἐπιστήμη
936 2221 951 2249 ,
993 2173 1101 2249 ἆρα
1122 2176 1382 2234 διδακτὸν
1400 2173 1436 2247 ἦ
1455 2176 1551 2246 οὔ,
1589 2172 1625 2246 ἢ
1644 2173 1676 2231 ὃ
1692 2183 1802 2231 νῦν
1822 2177 1885 2247 δή

216 2260 501 2331 ἐλέγομεν,
523 2258 879 2331 ἄναμνηστόν
895 2282 905 2292 ·
948 2261 1251 2331 διαφερέτω
1278 2261 1336 2316 δὲ
1355 2261 1525 2330 μηδὲν
1544 2257 1676 2329 ἡμῖν
1697 2257 1886 2314 ὁποτέ-

153 2357 184 2397 C
217 2362 293 2415 ρῳ
318 2337 390 2396 ἄν
409 2350 486 2416 τῷ
504 2340 735 2413 ὀνόματι
755 2342 1043 2413 χρώμεθα·
1077 2339 1191 2397 ἀλλ’
1219 2336 1327 2411 ἆρα
1349 2341 1634 2405 διδακτόν;
1659 2337 1696 2413 ἢ
1723 2341 1886 2397 τοῦτο’

213 2445 276 2493 γε
300 2426 461 2479 παντὶ
483 2428 680 2495 δῆλον,
719 2423 804 2480 ὅτι
825 2423 992 2481 οὐδὲν
1025 2425 1159 2480 ἄλλο
1190 2424 1506 2478 διδάσκεται
1535 2421 1834 2489 ἄνθρωπος
1853 2452 1885 2495 τ,
1961 2478 1962 2485 ,

214 2506 541 2576 ἐπιστήμην;

356 2594 541 2644 MEN.
587 2589 805 2660 Ἔμοιγε
827 2594 989 2645 δοκεῖ.

351 2676 476 2724 ΣΩ.
515 2676 589 2725 Εί
617 2676 676 2726 δέ
693 2668 738 2740 γ’
762 2674 910 2727 ἐστὶν
930 2674 1193 2743 ἐπιστήμη
1214 2671 1346 2744 τιςὴ
1376 2671 1543 2743 ἀρετή
1554 2714 1569 2742 ,
1609 2675 1779 2743 δῆλον
1800 2669 1882 2727 ὅτι

212 2751 476 2806 διδακτὸν
495 2749 566 2806 ἂν
589 2761 688 2822 εἴη.
1956 2761 1959 2768 ’

350 2839 533 2888 ΜΕΝ.
575 2840 704 2898 Πῶς
724 2835 831 2905 γὰρ
858 2835 955 2900 οῧ;
