1994 3100
738 122 1197 172 ΧΑΡΜΙΔΗΣ.
1744 123 1808 174 15

125 255 252 327 ἄρα,
272 250 347 327 ἦν
365 254 418 312 δ’
442 257 567 327 ἐγώ,
593 255 883 328 ω’φελίμως
902 256 1111 327 πράξας
1126 254 1162 329 ἢ
1180 263 1465 330 βλαβερῶς
1486 257 1515 314 ὁ
1536 257 1724 329 ἰατρὸς
1741 257 1810 315 οὐ
1840 267 1871 309 G

124 338 421 408 γιγνώσκει
450 336 650 395 ἑαυτὸν
681 336 753 403 ῶς
784 343 1005 408 ἔπραξε·
1040 346 1218 396 καίτοι
1256 338 1545 412 ὠφελίμως
1580 341 1808 411 πράξας,

127 417 202 485 ὦς
220 417 249 475 ὁ
272 419 370 486 σός
387 421 579 493 λόγος,
611 421 921 493 σωφρόνως
941 425 1198 491 ἔπραξεν·
1229 418 1265 493 ἢ
1284 420 1386 493 οὐχ
1404 421 1582 488 οὕτως
1602 427 1807 493 ἔλεγες;

115 502 335 573 Ἔγωγε.
411 501 669 574 Οὐκοῦν,
710 502 783 569 ῶς
814 508 1019 575 ἔοικεν,
1059 508 1232 560 ἐνίοτε
1270 502 1560 576 ὠφελίμως
1600 505 1811 575 πράξας

127 584 353 655 πράττει
371 587 475 656 μὲν
501 586 811 657 σωφρόνως
837 587 928 642 καὶ
957 598 1263 658 σωφρονεῖ,
1304 585 1501 658 ἀγνοεῖ
1522 584 1575 643 δ’
1609 585 1811 643 ἑαυτὸν

125 664 212 722 ὅτι
230 679 536 738 σωφρονεῖς

264 755 371 806 x11.
436 748 598 806 Ἀλλὰ
627 757 791 807 τοῦτο
820 754 950 823 μέν,
989 755 1122 822 ἔφη,
1166 744 1210 806 ῶ
1237 749 1533 818 Σώκρατες
1546 793 1560 820 ,
1603 748 1707 806 οὐκ
1738 749 1811 805 c’r‘v

126 850 258 886 ποτε
292 833 536 902 γένοιτο,
575 830 695 888 ἀλλ’
732 841 786 889 εἰ
806 856 856 888 τι
886 830 958 888 σύ
986 840 1089 888 οἴει
1117 835 1178 889 ἐκ
1215 839 1328 888 τῶν
1358 837 1679 902 ἔμπροσθεν
1706 829 1807 887 ὑπ’

126 916 263 983 ἐμοῦ
298 910 737 986 ὡμολογημένων
765 921 841 980 εἰς
869 922 1033 971 τοῦτο
1065 913 1371 986 ἀναγκαῖον
1400 913 1541 971 εἶναι
1573 920 1811 986 συμβαί-

126 1015 271 1065 νειν,
302 997 532 1052 ἐκείνων
552 995 627 1051 ἄν
645 1019 696 1052 τι
714 1001 884 1068 ἔγωγε
905 1003 1120 1069 μᾶλλον
1137 995 1476 1069 άναθείμην,
1498 999 1591 1053 καὶ
1609 995 1715 1052 οὐκ
1735 992 1806 1051 div
1840 1004 1875 1044 D

128 1081 489 1150 αἰσχυνθείην
508 1075 592 1133 ὅτι
609 1078 682 1150 μὴ
705 1077 827 1150 οὐχὶ
846 1078 1034 1149 ὀρθῶς
1053 1080 1229 1150 φάναι
1258 1082 1560 1151 εἰρηκέναι,
1596 1085 1810 1150 μᾶλλον

123 1158 162 1231 ἦ
189 1179 321 1215 ποτε
351 1159 762 1232 συγχωρήσαιμ’
800 1157 875 1216 ἄν
910 1161 1224 1232 ἀγνοοῦντα
1260 1160 1433 1217 αὐτὸν
1470 1161 1669 1218 ἑαυτὸν
1706 1159 1808 1216 άν-

127 1249 364 1311 θρωπον
400 1255 731 1315 σωφρονεῖν.
781 1241 979 1315 σχεδὸν
1017 1244 1126 1314 γάρ
1163 1266 1215 1299 τι
1254 1248 1425 1315 ἔγωγε
1462 1242 1597 1300 αὐτὸ
1639 1245 1806 1300 τοῦτό

130 1347 273 1397 φημι
291 1323 432 1380 εἶναι
451 1325 855 1397 σωφροσύνην,
876 1324 938 1381 τό
960 1326 1292 1396 γιγνώσκειν
1311 1326 1537 1398 ἑαυτόν,
1558 1328 1651 1383 καὶ
1670 1329 1809 1398 ξυμ-

125 1409 363 1477 φέρομαι
382 1414 460 1482 τῷ
477 1409 537 1463 ἐν
551 1414 795 1478 Δελφοῖς
812 1405 1082 1463 ἀναθέντι
1100 1405 1160 1462 τὸ
1177 1412 1437 1463 τοιοῦτον
1453 1407 1695 1480 γράμμα.
1715 1411 1806 1465 καὶ

126 1486 235 1559 γὰρ
254 1496 417 1544 τοῦτο
439 1487 585 1545 οὕτω
605 1511 699 1562 μοι
718 1494 868 1546 δοκεῖ
895 1489 956 1545 τὸ
988 1487 1213 1559 γράμμα
1240 1487 1600 1560 ἀνακεῖσθαι,
1644 1488 1718 1555 ῶς
1737 1490 1804 1562 δὴ

125 1571 430 1642 πρόσρησις
461 1566 603 1627 οὖσα
631 1579 734 1627 τοῦ
762 1577 903 1628 θεοῦ
934 1578 1049 1626 τῶν
1067 1570 1356 1626 εἰσιόντων
1374 1569 1496 1626 ἀντὶ
1515 1578 1617 1627 τοῦ
1636 1584 1806 1643 χαῖρε,

126 1650 200 1717 ὥς
226 1654 430 1708 τούτου
459 1654 560 1724 μὲν
592 1653 697 1710 οὐκ
717 1651 904 1724 ὀρθοῦ
934 1653 1097 1717 ὄντος
1119 1658 1222 1707 τοῦ
1252 1652 1665 1725 προσρήματος,
1706 1660 1809 1710 τοῦ
1838 1667 1872 1708 E

125 1740 362 1806 χαίρειν,
401 1734 531 1791 οὐδὲ
562 1740 678 1792 δεῖν
706 1743 872 1792 τοῦτο
891 1734 1374 1806 παρακελεύεσθαι
1394 1733 1651 1808 ἀλλήλοις
1669 1735 1807 1793 ἀλλὰ

125 1828 456 1887 σωφρονεῖν.
478 1816 624 1874 οὕτω
641 1821 742 1889 μὲν
759 1817 825 1890 δὴ
847 1815 876 1875 ὁ
892 1818 1028 1883 θεὸς
1043 1817 1445 1887 προσαγορεύει
1457 1816 1588 1883 τούς
1603 1821 1805 1875 εἰσιόν-

126 1921 222 1965 τας
241 1904 316 1964 εἰς
332 1898 395 1955 τὸ
426 1898 580 1971 ἰερὸν
598 1905 869 1973 διαφέρον
888 1924 938 1957 τι
961 1897 998 1972 ἦ
1019 1903 1076 1956 oc
1100 1899 1422 1970 ἄνθρωποι,
1446 1898 1520 1966 ὡς
1540 1903 1805 1958 διανοού-

125 2003 292 2054 μενος
321 1981 599 2055 ἀνέθηκεν
626 1981 655 2040 ὁ
685 1982 942 2055 άναθείς,
981 1982 1055 2048 ῶς
1074 2004 1167 2053 μοι
1190 1986 1364 2038 δοκεῖ·
1394 1985 1484 2038 καὶ
1503 1985 1650 2054 λέγει
1670 1983 1808 2055 πρὸς

123 2062 224 2120 τόν
242 2062 326 2121 ἀεὶ
346 2066 586 2122 εἰσιόντα
606 2065 708 2122 οὐκ
729 2066 864 2123 ἄλλο
884 2089 935 2122 τι
953 2063 989 2139 ἦ
1008 2066 1292 2138 σωφρόνει
1305 2108 1318 2134 ,
1342 2070 1526 2136 φησίν.
1551 2071 1809 2138 αἰνιγμα-

127 2149 466 2214 τωδέστερον
486 2148 544 2203 δὲ
564 2148 650 2220 δή,
673 2146 746 2214 ὡς
762 2147 972 2220 μάντις,
995 2153 1138 2219 λέγει
1152 2170 1163 2181 ·
1183 2146 1244 2204 τὸ
1265 2146 1372 2219 γὰρ
1391 2154 1576 2218 γνῶθι
1598 2149 1809 2205 σαυτόν

126 2228 216 2283 καὶ
247 2228 308 2283 τὸ
341 2228 623 2300 σωφρόνει
650 2233 762 2286 ἔστι
789 2230 892 2302 μὲν
910 2229 1140 2300 ταύτόν,
1181 2228 1254 2295 ῶς
1273 2228 1338 2285 τὰ
1358 2229 1652 2300 γράμματά
1672 2247 1809 2302 φησι

124 2310 215 2365 καὶ
238 2310 346 2380 ἐγώ
360 2352 374 2378 ,
407 2311 544 2382 τάχα
564 2309 615 2367 δ’
650 2311 722 2367 ἄν
741 2335 821 2379 τις
844 2318 1059 2385 οἰηθείη
1082 2313 1216 2369 ἄλλο
1250 2311 1417 2383 εἶναι,
1455 2310 1486 2368 ὃ
1506 2312 1575 2384 δή
1598 2335 1691 2383 μοι
1711 2316 1807 2369 δο-
1840 2326 1922 2370 16⁵

123 2398 286 2447 κοῦσι
305 2400 509 2449 παθεῖν
527 2395 618 2449 καὶ
638 2397 694 2449 οἱ
705 2393 771 2450 τὰ
798 2393 1036 2463 ὕστερον
1064 2395 1358 2467 γράμματα
1373 2393 1704 2464 ἀναθέντες,
1741 2395 1806 2450 τό

122 2493 180 2528 τε
198 2472 372 2544 μηδὲν
389 2473 534 2545 ἄγαν
564 2477 655 2531 καὶ
689 2476 750 2532 τὸ
782 2478 954 2549 ἐγγύη
992 2478 1143 2547 πάρα
1174 2476 1226 2532 δ’
1257 2476 1374 2549 ἄτη.
1413 2475 1629 2548 καὶγὰρ
1650 2471 1803 2534 οὗτοι

1470 2559 1482 2578 7
1565 2559 1577 2580 θ
1658 2559 1671 2580 5
1749 2568 1770 2578 ,-

123 2555 443 2628 ξυμβουλὴν
468 2555 738 2633 ᾠήθησαν
758 2558 898 2616 εἰναι
916 2559 977 2615 τὸ
998 2566 1182 2630 γνῶθι
1201 2560 1427 2631 σαυτόν,
1450 2567 1551 2617 αλλ
1604 2582 1674 2615 ου
1693 2582 1805 2616 των

30 2645 34 2657 ’
123 2637 409 2694 εἰσιόντων
438 2639 631 2696 ἕνεκεν
659 2639 767 2696 ὑπὸ
799 2646 901 2696 τοῦ
930 2648 1075 2697 θεοῦ
1102 2642 1437 2714 πρόσρησιν·
1480 2641 1590 2698 εἷθ’
1621 2645 1714 2698 ἵνα
1735 2640 1801 2712 δὴ

122 2721 213 2775 καὶ
241 2717 398 2776 αὐτοὶ
428 2734 585 2793 σφεῖς
612 2722 784 2795 μηδὲν
809 2717 977 2795 ἦττον
996 2722 1314 2795 συμβουλὰς
1343 2731 1645 2795 χρησίμους
1665 2721 1806 2778 ἀνα-

122 2810 294 2870 θεῖεν,
315 2809 488 2859 ταῦτα
507 2806 820 2874 γράψαντες
839 2803 1135 2863 ἀνέθεσαν.
1158 2799 1229 2860 οὗ
1244 2804 1310 2877 δὴ
1332 2799 1439 2861 οὖν
1459 2807 1621 2861 ἕνεκα
1642 2808 1803 2874 λέγω,
