2020 3094
269 127 338 179 54
877 125 1358 174 ΠΛΑΤῼΝΟΣ

408 268 526 317 ΛΑ.
575 261 743 317 Πάνυ
761 261 862 331 μὲν
882 253 986 315 οὖν
1007 256 1195 330 ὀρθῶς
1212 256 1384 314 αὐτὸν
1400 262 1621 333 ἐρωτᾷς,
1645 253 1687 316 03
1705 267 1910 327 Σωκρα

268 366 354 411 τες
366 387 382 414 ,
403 347 494 400 καὶ
514 344 708 399 εἰπέτω
727 344 935 413 γετίνα
953 341 1126 412 φησὶν
1144 338 1321 411 αὐτὴν
1338 339 1494 396 εἶναι.

406 431 510 482 ΝΙ.
571 425 793 495 Ταύτην
822 427 1018 494 ἔγωγε,
1058 415 1104 478 ὦ
1130 422 1342 493 Λάχης,
1381 422 1484 493 τὴν
1502 417 1832 478 τῶνδεινῶν
1851 440 1940 478 και·
1996 460 2013 519 3·

158 522 241 568 195
270 510 602 576 θαρραλέων
632 505 935 576 ἐπιστήμην
967 505 1058 560 καὶ
1087 507 1148 559 ἐν
1176 507 1396 577 πολέμῳ
1428 506 1518 559 καὶ
1548 507 1608 559 ἐν
1626 516 1738 569 τοῖς
1756 504 1942 570 ἄλλοις
2003 526 2020 606 ’,ἱ

268 587 488 643 ἅπασιν.

408 676 526 725 ΛΑ.
566 665 663 734 Ὡς
682 668 860 724 ἄτοπα
880 671 1049 738 λέγει,
1073 661 1118 724 ὦ
1137 668 1446 739 Σώκρατες.

407 756 533 807 ΣΩ.
584 749 740 822 Πρὸς
759 756 814 806 τί
826 748 978 806 τοῦτ’
1003 749 1147 815 εἶπες
1165 753 1397 822 βλέψας,
1418 743 1462 804 ὦ
1479 750 1688 821 Λάχης;

410 839 528 888 ΛΑ.
579 830 731 902 Πρὸς
750 831 784 888 ὅ
803 855 881 897 τις
921 833 1084 903 χωρὶς
1104 832 1284 903 δήπου
1313 837 1481 904 σοφία
1506 833 1652 888 ἐστὶν
1671 831 1926 903 ἀνδρείας

411 920 535 970 ΣΩ.
596 913 824 970 Οὔκουν
843 920 983 986 φησί
994 936 1056 985 γε
1080 919 1293 978 Νικίας.

410 1004 530 1053 ΛΑ.
596 993 682 1052 Οὐ
701 999 891 1067 μέντοι
909 994 984 1067 μὰ
1003 1002 1114 1051 Δία
1128 1018 1138 1030 ·
1158 997 1331 1052 ταῦτά
1352 1019 1438 1052 τοι
1456 999 1547 1052 καὶ
1567 1003 1734 1068 ληρεῖ.
2004 1012 2020 1054 ’.ι

411 1082 536 1133 ΣΩ.
598 1074 826 1134 Οὐκοῦν
860 1077 1210 1149 διδάσκωμεν
1249 1075 1450 1150 αὐτόν,
1490 1075 1630 1135 ἀλλὰ
1657 1077 1730 1149 μὴ
1761 1083 1940 1135 λοιδο-

271 1168 470 1233 ρῶμεν.

410 1248 511 1298 ΝΙ.
573 1241 720 1313 Οὔκ,
753 1239 892 1297 ἀλλά
910 1263 1003 1313 μοι
1023 1245 1199 1310 δοκεῖ,
1222 1234 1267 1297 ὦ
1285 1240 1606 1311 Σώκρατες,
1627 1242 1810 1313 Λάχης
1827 1243 1943 1297 ἐπι-
1998 1265 2002 1268 ’

270 1334 478 1396 θυμεῖν
495 1322 634 1396 κάμὲ
652 1329 899 1395 φανῆναι
917 1322 1090 1394 μηδὲν
1108 1326 1338 1393 λέγοντα
1351 1367 1366 1392 ,
1410 1320 1494 1378 ὅτι
1518 1324 1609 1379 καὶ
1630 1319 1796 1387 αὐτὸς
1823 1321 1946 1393 ἄρτι
1994 1316 1999 1320 ’

207 1418 241 1459 Β
271 1412 519 1471 τοιοῦτος
538 1405 732 1476 ἐφάνη.

411 1495 588 1547 XXIII.
661 1495 777 1545 AA.
826 1490 991 1544 Πάνυ
1009 1489 1111 1560 μὲν
1131 1482 1265 1561 οὖν,
1288 1483 1333 1544 ὦ
1356 1494 1551 1559 Νικία,
1573 1489 1663 1544 καὶ
1684 1487 1944 1558 πειράσο-

272 1578 374 1644 μαί
394 1593 459 1644 γε
488 1571 785 1643 ἀποφῆναι.
826 1569 991 1627 οὐδὲν
1018 1569 1126 1642 γὰρ
1158 1574 1354 1642 λέγεις·
1396 1572 1510 1627 ἐπεὶ
1537 1568 1734 1626 αὐτίκα
1754 1572 1815 1625 ἐν
1832 1580 1947 1633 ταῖς
2007 1620 2020 1640 ,⁴

273 1655 461 1720 νόσοις
491 1651 592 1725 οὐχ
621 1657 678 1709 oc
696 1655 872 1724 ἰατροὶ
898 1653 966 1708 τά
997 1652 1150 1708 δεινά
1182 1655 1525 1718 ἐπίστανταις
1563 1647 1599 1722 ἦ
1629 1654 1687 1706 oc
1701 1649 1946 1720 ἀνδρεῖοι
2013 1649 2020 1676 ⁷·

275 1741 510 1792 δοκοῦσι’
534 1753 623 1790 σοι
659 1737 1011 1799 ἐπίστασθαι;
1048 1730 1085 1805 ἦ
1119 1732 1251 1798 τούς
1289 1732 1512 1804 ἰατροὺς
1548 1731 1619 1788 σὺ
1657 1730 1946 1801 ἀνδρείους

272 1812 495 1884 καλεῖςζ

412 1905 516 1955 ΝΙ.
574 1895 717 1954 Οὐδ’
743 1896 1074 1954 ὁπωστιοῦν.

415 1988 532 2038 ΛΑ.
591 1978 745 2037 Οὐδέ
765 2003 830 2051 γε
854 1979 985 2046 τούς
1006 1979 1296 2052 γεωργοὺς
1322 1978 1485 2051 οἶμαι.
1524 1983 1701 2035 καίτοι
1718 1977 1786 2033 τά
1803 1999 1866 2048 γε
1886 1980 1947 2033 ἐν

275 2073 340 2139 τῇ
367 2070 606 2136 γεωργία
628 2060 782 2118 δεινοὶ
816 2055 970 2118 οὗτοι
1000 2062 1181 2134 δήπου
1210 2065 1550 2128 ἐπίστανται,
1587 2061 1677 2116 καὶ
1707 2062 1764 2115 οι
1788 2058 1947 2114 ἄλλοι

275 2144 645 2219 δημιουργοὶ
619 2144 857 2210 άπαντες
874 2143 940 2200 τὰ
962 2146 1024 2200 ἐν
1040 2156 1156 2209 ταῖς
1174 2142 1359 2200 αυτῶν
1376 2146 1587 2213 τέχναις
1607 2140 1759 2196 δεινά
1778 2162 1836 2195 τε
1854 2141 1947 2195 καὶ

218 2243 251 2285 G
278 2229 564 2300 θαρραλέοι
593 2235 802 2284 ἴσασιν·
838 2225 961 2283 ἀλλ’
998 2224 1164 2282 οὐδέν
1195 2247 1247 2281 τι
1275 2232 1487 2297 μᾶλλον
1520 2244 1675 2279 ουτοι
1703 2219 1948 2291 ἀνδρεῖοί

276 2316 430 2366 εἰσιν.

415 2398 538 2447 ΣΩ
606 2396 676 2447 Τί
690 2395 844 2447 δοκεῖ
856 2390 1040 2461 Λάχης
1058 2392 1263 2460 λέγειν,
1305 2390 1347 2442 ὠ
1363 2392 1557 2442 Νικία·
1544 2427 1559 2452 ,
1599 2389 1741 2441 ἔοικε
1760 2385 1945 2454 μέντοι

277 2475 453 2543 λέγειν
471 2495 537 2528 τι.

415 2559 521 2609 NI
574 2555 686 2610 Καὶ
703 2575 810 2624 γαρ
831 2557 924 2624 λέᾳ
927 2575 970 2609 ει
992 2556 1056 2622 γε’
1071 2574 1147 2622 τι,
1170 2573 1239 2606 ου
1258 2553 1444 2622 μέντοι
1461 2547 1664 2620 ἀληθές
1682 2570 1759 2619 γε.

417 2640 541 2693 ΣιΩι
597 2640 726 2699 Πῶς
746 2635 841 2706 δή·
828 2675 843 2700 ,

417 2723 520 2772 ΝΙ.
553 2715 671 2773 Ὅτι
700 2724 870 2772 οἱέται
896 2716 1025 2780 τούς
1054 2713 1275 2785 ἰατροὺς
1304 2715 1472 2768 πλέον
1499 2734 1552 2766 τι
1586 2713 1788 2766 εἰδέναι
1824 2710 1944 2777 περὶ

279 2821 411 2863 τους
429 2798 743 2868 κάμνοντας
761 2793 797 2867 ἢ
825 2796 885 2853 τὸ
908 2796 1157 2867 ὑγιεινὸν
1175 2800 1348 2851 εἰπεῖν
1367 2790 1487 2849 οἷόν
1506 2814 1564 2847 τε
1582 2793 1672 2847 καὶ
1690 2792 1944 2852 νοσῶδες
2017 2846 2020 2851 ,

2007 2858 2020 3080 ι’
