1994 3100
148 84 215 135 10
745 84 1220 132 ΠΛΑΤΩΝΟΣ

149 223 236 274 δεῖ
249 217 388 273 εἶναι
408 216 674 317 σῶφρονα
694 216 844 272 ὄντα.
901 220 1061 271 δυοῖν
1078 215 1184 288 γάρ
1204 216 1270 289 δὴ
1289 217 1355 273 τὰ
1376 219 1532 292 ἕτερα
1546 263 1561 290 ,
1596 217 1632 292 ἦ
1655 219 1826 275 οὐδα-

91 317 125 358 C
151 308 261 372 μοῦ
290 298 424 371 ἡμῖν
450 297 487 372 ἦ
518 300 668 356 πάνυ
696 320 806 354 που
837 298 1096 370 ὀλιγαχοῦ
1112 303 1173 355 αἰ
1197 298 1414 372 ἡσύχιοι
1433 304 1651 375 πράξεις
1669 306 1731 359 ἐν
1749 311 1824 378 τῷ

85 1557 120 1597 Ε

40 2218 122 2261 161

150 389 252 455 βίω
271 388 530 447 καλλίους
549 381 837 453 ἐφάνησαν
855 377 890 452 ἢ
911 386 971 437 αἱ
988 388 1199 452 ταχεῖαί
1221 404 1280 437 τε
1299 386 1390 438 καὶ
1409 389 1640 455 ἰσχυραί.
1701 391 1750 441 εἰ
1768 383 1821 440 δ’

151 468 282 535 οὐν,
303 487 344 519 ω
367 471 518 535 φίλε,
550 462 582 518 ὅ
600 486 651 519 τι
673 464 906 534 μάλιστα
925 462 1097 535 μηδὲν
1116 465 1373 530 ἐλάττους
1394 470 1453 521 αἱ
1475 465 1692 538 ἡσύχιοι
1710 474 1823 522 τῶν

150 552 418 618 σφοδρῶν
445 569 502 602 τε
533 549 624 602 καὶ
650 551 882 618 ταχειῶν
911 547 1162 616 πράξεων
1189 547 1526 619 τυγχάνουσι
1565 555 1823 614 καλλίους

150 623 342 698 οὖσαι,
381 626 511 684 οὐδὲ
540 628 711 700 ταύτῃ
732 630 1071 700 σωφροσύνη
1093 627 1163 685 ἀν
1182 638 1264 702 εἴη
1295 632 1509 702 μᾶλλόν
1527 656 1578 689 τι
1601 632 1661 688 τὸ
1682 630 1824 705 ἡσυ-

150 722 219 786 χῇ
239 714 499 786 πράττειν
516 710 551 785 ἢ
575 711 635 768 τὸ
664 714 884 783 σφόδρα
905 736 962 769 τε
981 717 1073 769 καὶ
1091 719 1317 787 ταχέως,
1339 716 1467 773 οὔτε
1487 720 1548 773 ἐν
1572 721 1825 790 βαδισμῷ

152 797 281 852 οὔτε
300 798 360 852 ἐν
380 797 517 862 λέξει
538 794 665 851 οὔτε
685 794 888 851 ἄλλοθι
908 795 1187 867 οὐδαμοῦ,
1226 795 1356 853 οὐδὲ
1388 797 1417 853 ὁ
1448 797 1677 870 ἡσύχιος
1704 804 1825 871 βίος

153 879 415 950 [κόσμιος]
438 886 538 934 τοῦ
558 877 632 950 μὴ
661 876 895 950 ἡσυχίου
925 882 1375 950 σωφρονέστερος
1396 876 1467 936 ἂν
1488 889 1570 952 εἴη
1586 923 1599 949 ,
1641 882 1823 951 ἐπειδὴ

151 965 213 1017 ἐν
246 968 322 1016 τῶ
362 962 508 1036 λόγω
542 968 657 1017 τῶν
694 969 882 1017 καλῶν
910 986 961 1017 τι
989 961 1121 1033 ἡμῖν
1147 961 1181 1034 ἡ
1203 964 1542 1036 σωφροσύνη
1562 961 1824 1034 ὑπετέθη,

150 1042 287 1100 καλοὶ
312 1044 371 1100 δε
388 1043 488 1116 οὐχ
505 1039 674 1147 ἦττον
693 1043 757 1100 τά
780 1050 942 1116 ταχέα
962 1051 1073 1100 τῶν
1092 1043 1336 1117 ἡσυχίων
1365 1049 1653 1118 πέφανται.
1689 1043 1826 1117 Ὀρ-

149 1131 268 1190 θῶς
286 1147 379 1196 μοι
403 1130 649 1198 δοκεῖς,’
628 1131 732 1198 ε’φη
746 1170 761 1198 ,
784 1129 826 1182 ῶ
845 1128 1168 1197 Σώκρατες,
1188 1131 1479 1227 εἰρηκέναι.
1843 1169 1846 1172 -

293 1214 425 1265 Vffl.
497 1209 677 1264 Παλιν
694 1215 904 1280 τοίνυν,
923 1233 996 1281 ην
1019 1208 1071 1264 δ’
1093 1210 1231 1280 ἐγώ,
1255 1213 1297 1265 ῶ
1318 1215 1588 1282 Χαρμίδη,
1610 1216 1826 1282 μᾶλλον

148 1293 435 1362 προσέχων
458 1290 558 1347 τὸν
575 1299 716 1347 νοῦν
737 1294 827 1348 καὶ
848 1297 924 1357 εἰς
944 1291 1180 1348 σεαυτὸν
1198 1290 1534 1365 υποβλέψας,
1557 1293 1827 1365 ἐννοήσας

147 1371 354 1429 ὁποῖόν
373 1374 495 1428 τινά
517 1391 576 1429 σε
605 1387 754 1430 ποιεῖ
778 1373 811 1446 ἡ
837 1375 1174 1446 σωφροσύνη
1206 1382 1463 1448 παροῦσα
1491 1378 1583 1432 καὶ
1602 1381 1730 1431 ποία
1749 1397 1829 1440 τις

150 1450 293 1511 οὖσα
310 1462 567 1511 τοιοῦτον
596 1455 949 1528 ἀπεργάζοιτο
980 1456 1069 1528 ἄν,
1103 1457 1282 1512 πάντα
1304 1463 1476 1512 ταῦτα
1496 1457 1829 1527 συλλογισά-

150 1559 317 1609 μενος
350 1537 464 1593 εἰπὲ
501 1532 566 1592 εὖ
601 1540 693 1595 καὶ
728 1538 1011 1609 ἀνδρείως,
1046 1544 1103 1593 τί
1134 1556 1222 1594 σοι
1258 1543 1512 1610 φαίνεται
1535 1538 1701 1605 εἷναι;
1736 1540 1827 1594 καὶ

153 1618 214 1686 ὂς
249 1619 489 1692 ἐπισχών
523 1626 614 1677 καὶ
651 1622 801 1677 πάνυ
831 1619 1107 1691 ἀνδρικῶς
1142 1618 1281 1690 πρὸς
1309 1620 1509 1677 ἑαυτὸν
1530 1621 1825 1687 διασκεψά-

152 1725 343 1774 μενος,
367 1711 544 1760 Δοκεῖ
558 1710 752 1760 τοίνυν
770 1726 889 1776 μοι,
913 1708 1047 1775 ἔφη,
1079 1702 1444 1773 αἰσχύνεσθαι
1460 1701 1691 1773 ποιεϊνὴ
1717 1719 1830 1757 σω-

152 1784 410 1856 φροσύνη
431 1788 521 1839 καὶ
540 1785 907 1856 αἰσχυντηλόν
926 1783 1025 1839 τὸν
1044 1783 1354 1853 ἄνθρωπον
1370 1827 1386 1855 ,
1421 1786 1512 1840 καὶ
1532 1783 1672 1840 εἶναι
1692 1783 1828 1853 ὅπερ

153 1865 320 1932 αἰδῶς
353 1866 386 1938 ἡ
426 1867 781 1939 σωφροσύνη.
837 1866 1001 1938 Εἶτα,
1039 1861 1113 1938 ἦν
1141 1865 1192 1921 δ’
1216 1867 1352 1937 ἐγῶ,
1390 1865 1457 1921 οὐ
1495 1866 1668 1922 καλὸν
1705 1866 1830 1936 ἄρτι

152 1949 453 2021 ὡμολόγεις
473 1950 575 2021 τὴν
594 1951 972 2022 σωφροσύνην
990 1949 1155 2017 εἶναι;
1175 1950 1341 2006 Πάνυ
1359 1949 1424 2021 γ’,
1447 1955 1567 2021 ἔφη.
1601 1949 1830 2006 Οὐκοῦν

150 2036 241 2090 καὶ
278 2032 483 2104 ἀγαθοὶ
521 2032 719 2104 ἄνδρες
755 2038 812 2090 οἱ
843 2033 1160 2105 σῶφρονες;
1197 2038 1321 2088 Ναί.
1385 2027 1487 2103 Ἆρ’
1516 2026 1621 2087 οὖν
1648 2029 1719 2087 ἀν
1748 2040 1830 2103 εἴη

155 2115 406 2187 ἀγαθόν,
444 2113 475 2170 ὂ
495 2113 566 2186 μὴ
588 2113 840 2188 ἀγαθούς
872 2113 1258 2185 ἀπεργάζεταις
1299 2112 1384 2169 Οὐ
1407 2117 1558 2184 δῆτα.
1619 2110 1704 2169 Οὐ
1722 2113 1828 2184 μό-

158 2221 259 2255 νον
299 2220 404 2254 ουν
440 2196 549 2269 ἄρα
584 2199 788 2266 καλόν,
829 2196 969 2253 ἀλλά
1003 2199 1095 2251 καὶ
1133 2193 1355 2265 ἀγαθόν
1392 2198 1554 2251 ἐστιν.
1610 2193 1831 2264 ’Έμοιγε

156 2286 329 2336 δοκεϊ.-
379 2284 448 2335 Τί
473 2282 602 2344 οὐν;
654 2303 727 2351 ην
759 2278 809 2335 δ’
836 2280 970 2350 ἐγώ·
1015 2276 1230 2351 Ομήρω
1261 2275 1328 2333 οὐ
1357 2276 1630 2341 πιστεύεις
1648 2282 1830 2340 καλῶς

154 2366 359 2433 λέγειν,
381 2361 635 2431 λέγοντι
614 2361 699 2417 ότι

297 2442 464 2509 αἰδῶς
485 2444 535 2499 δ’
559 2442 662 2499 οὐκ
683 2443 868 2515 ἀγαθὴ
890 2445 1203 2516 κεχρημένῳ
1226 2440 1387 2510 ἀνδρὶ
1405 2452 1685 2507 παρεῖναι;

138 2524 352 2597 ”Εγωγ’,
389 2531 510 2597 ἔφη.
549 2525 735 2580 ’Ἑστιν
765 2525 891 2595 ἄρα,
929 2523 1002 2590 ῶς
1037 2529 1243 2593 ἔοικεν,
1281 2521 1446 2586 αἰδῶς
1476 2519 1578 2576 οὐκ
1613 2519 1830 2591 ἀγαθὸν

152 2611 243 2664 καὶ
263 2607 501 2677 ἀγαθόν.
544 2613 818 2662 Φαίνεται.
853 2606 1211 2677 Σωφροσύνη
1235 2608 1298 2660 δέ
1311 2626 1373 2674 γε
1392 2601 1640 2673 ἀγαθόν,
1676 2610 1828 2671 εἴπερ

152 2687 404 2761 ἀγαθοὺς
442 2701 592 2745 ποιεῖ
621 2686 700 2754 οἷς
736 2687 809 2744 ἀν
845 2696 1019 2761 παρῇ,
1060 2686 1269 2750 κακοὺς
1288 2685 1346 2740 δὲ
1382 2686 1472 2756 μή.
1519 2682 1680 2740 Ἀλλὰ
1718 2681 1841 2754 μὴν

151 2772 297 2830 οὕτω
317 2796 379 2843 γε
399 2777 555 2829 δοκεῖ
566 2796 659 2844 μοι
678 2778 847 2845 ἔχειν,
889 2771 961 2837 ῶς
990 2770 1061 2827 σὺ
1084 2775 1271 2843 λέγεις.
1337 2767 1456 2825 Οὐκ
1478 2767 1584 2839 ἄρα
1604 2787 1830 2838 σωφρο-
