<?xml version="1.0" encoding="UTF-8"?>
<!DOCTYPE html PUBLIC "-//W3C//DTD XHTML 1.0 Transitional//EN"
    "http://www.w3.org/TR/xhtml1/DTD/xhtml1-transitional.dtd">
<html xmlns="http://www.w3.org/1999/xhtml" xml:lang="en" lang="en">
 <head>
  <title>
</title>
<meta http-equiv="Content-Type" content="text/html;charset=utf-8" />
  <meta name='ocr-system' content='tesseract 3.04.00' />
  <meta name='ocr-capabilities' content='ocr_page ocr_carea ocr_par ocr_line ocrx_word'/>
</head>
<body>
  <div class='ocr_page' id='page_1' title='image "./dialogisecumdumt03platuoft_0328.png"; bbox 0 0 1962 3112; ppageno 0'>
   <div class='ocr_carea' id='block_1_1' title="bbox 181 147 1857 199">
    <p class='ocr_par' dir='ltr' id='par_1_1' title="bbox 181 147 1857 199">
     <span class='ocr_line' id='line_1_1' title="bbox 181 147 1857 199; baseline -0.005 0"><span class='ocrx_word' id='word_1_1' title='bbox 181 147 284 199; x_wconf 79' lang='lat'><em>294</em></span> <span class='ocrx_word' id='word_1_2' title='bbox 796 149 968 195; x_wconf 85' lang='lat' dir='ltr'><em>HAA</em></span> <span class='ocrx_word' id='word_1_3' title='bbox 986 147 1270 195; x_wconf 76' lang='grc' dir='ltr'><em>ΤΩΝΟΣ</em></span> <span class='ocrx_word' id='word_1_4' title='bbox 1801 155 1857 199; x_wconf 82' lang='grc'><em>96</em></span> 
     </span>
    </p>
   </div>
   <div class='ocr_carea' id='block_1_2' title="bbox 72 278 1871 2903">
    <p class='ocr_par' dir='ltr' id='par_1_2' title="bbox 72 278 1871 2165">
     <span class='ocr_line' id='line_1_2' title="bbox 183 278 1858 353; baseline -0.002 -14"><span class='ocrx_word' id='word_1_5' title='bbox 183 283 285 353; x_wconf 69' lang='grc' dir='ltr'><em>μἐν</em></span> <span class='ocrx_word' id='word_1_6' title='bbox 317 283 763 353; x_wconf 86' lang='grc' dir='ltr'><em>προσεσταλμένη</em></span> <span class='ocrx_word' id='word_1_7' title='bbox 795 281 909 336; x_wconf 86' lang='grc' dir='ltr'><em>ἐστὶ</em></span> <span class='ocrx_word' id='word_1_8' title='bbox 939 281 1029 335; x_wconf 87' lang='grc' dir='ltr'><em>καὶ</em></span> <span class='ocrx_word' id='word_1_9' title='bbox 1058 285 1285 350; x_wconf 85' lang='grc' dir='ltr'><em>κοσμία,</em></span> <span class='ocrx_word' id='word_1_10' title='bbox 1330 278 1508 336; x_wconf 84' lang='grc' dir='ltr'><em>καὶού</em></span> <span class='ocrx_word' id='word_1_11' title='bbox 1528 282 1858 352; x_wconf 82' lang='grc' dir='ltr'><em>σεμνύνεται</em></span> 
     </span>
     <span class='ocr_line' id='line_1_3' title="bbox 182 359 1857 435; baseline -0.002 -14"><span class='ocrx_word' id='word_1_12' title='bbox 182 367 611 435; x_wconf 83' lang='grc' dir='ltr'><em>ἐσχηματισμένη</em></span> <span class='ocrx_word' id='word_1_13' title='bbox 635 359 707 427; x_wconf 79' lang='grc' dir='ltr'><em>ὡς</em></span> <span class='ocrx_word' id='word_1_14' title='bbox 733 359 1107 433; x_wconf 83' lang='grc' dir='ltr'><em>ὑπερήφανόν</em></span> <span class='ocrx_word' id='word_1_15' title='bbox 1126 383 1178 417; x_wconf 90' lang='grc' dir='ltr'><em>τι</em></span> <span class='ocrx_word' id='word_1_16' title='bbox 1208 363 1645 433; x_wconf 79' lang='grc' dir='ltr'><em>διαπραττομένη</em></span> <span class='ocrx_word' id='word_1_17' title='bbox 1661 405 1676 433; x_wconf 95' lang='grc'><em>,</em></span> <span class='ocrx_word' id='word_1_18' title='bbox 1718 361 1857 418; x_wconf 74' lang='grc' dir='ltr'><em>ἄλλα</em></span> 
     </span>
     <span class='ocr_line' id='line_1_4' title="bbox 181 443 1857 517; baseline -0.002 -15"><span class='ocrx_word' id='word_1_19' title='bbox 181 445 355 502; x_wconf 78' lang='grc' dir='ltr'><em>ταῦτα</em></span> <span class='ocrx_word' id='word_1_20' title='bbox 394 448 800 517; x_wconf 80' lang='grc' dir='ltr'><em>ὃιαπραξαμένη</em></span> <span class='ocrx_word' id='word_1_21' title='bbox 839 452 905 517; x_wconf 84' lang='grc' dir='ltr'><em>τῇ</em></span> <span class='ocrx_word' id='word_1_22' title='bbox 941 448 1224 517; x_wconf 80' lang='grc' dir='ltr'><em>δικανικῇ,</em></span> <span class='ocrx_word' id='word_1_23' title='bbox 1272 443 1372 500; x_wconf 78' lang='grc' dir='ltr'><em>ἐὰν</em></span> <span class='ocrx_word' id='word_1_24' title='bbox 1402 444 1502 515; x_wconf 74' lang='grc' dir='ltr'><em>μὲν</em></span> <span class='ocrx_word' id='word_1_25' title='bbox 1545 444 1602 509; x_wconf 83' lang='grc' dir='ltr'><em>ἐξ</em></span> <span class='ocrx_word' id='word_1_26' title='bbox 1632 451 1857 516; x_wconf 79' lang='grc' dir='ltr'><em>Αἰγίνης</em></span> 
     </span>
     <span class='ocr_line' id='line_1_5' title="bbox 182 524 1851 601; baseline -0.002 -16"><span class='ocrx_word' id='word_1_27' title='bbox 182 534 348 598; x_wconf 83' lang='grc' dir='ltr'><em>δεῦρο</em></span> <span class='ocrx_word' id='word_1_28' title='bbox 370 528 523 601; x_wconf 81' lang='grc' dir='ltr'><em>σώσῃ</em></span> <span class='ocrx_word' id='word_1_29' title='bbox 538 571 551 597; x_wconf 90' lang='grc'><em>,</em></span> <span class='ocrx_word' id='word_1_30' title='bbox 591 527 740 597; x_wconf 80' lang='grc' dir='ltr'><em>οἶμαι</em></span> <span class='ocrx_word' id='word_1_31' title='bbox 759 525 852 582; x_wconf 80' lang='grc' dir='ltr'><em>δύ’</em></span> <span class='ocrx_word' id='word_1_32' title='bbox 876 524 1114 598; x_wconf 82' lang='grc' dir='ltr'><em>ὀβολοὺς</em></span> <span class='ocrx_word' id='word_1_33' title='bbox 1144 528 1442 599; x_wconf 78' lang='grc' dir='ltr'><em>ἐπράξατο,</em></span> <span class='ocrx_word' id='word_1_34' title='bbox 1484 526 1581 582; x_wconf 79' lang='grc' dir='ltr'><em>ἐὰν</em></span> <span class='ocrx_word' id='word_1_35' title='bbox 1602 529 1659 584; x_wconf 75' lang='grc' dir='ltr'><em>δὲ</em></span> <span class='ocrx_word' id='word_1_36' title='bbox 1679 530 1733 593; x_wconf 82' lang='grc' dir='ltr'><em>ἐξ</em></span> <span class='ocrx_word' id='word_1_37' title='bbox 1754 533 1851 583; x_wconf 83' lang='grc' dir='ltr'><em>Αἰ-</em></span> 
     </span>
     <span class='ocr_line' id='line_1_6' title="bbox 180 607 1858 682; baseline -0.001 -16"><span class='ocrx_word' id='word_1_38' title='bbox 180 611 395 681; x_wconf 88' lang='grc' dir='ltr'><em>γύπτου</em></span> <span class='ocrx_word' id='word_1_39' title='bbox 413 607 450 682; x_wconf 78' lang='grc' dir='ltr'><em>ἢ</em></span> <span class='ocrx_word' id='word_1_40' title='bbox 468 613 527 666; x_wconf 86' lang='grc' dir='ltr'><em>ἐκ</em></span> <span class='ocrx_word' id='word_1_41' title='bbox 546 616 648 665; x_wconf 86' lang='grc' dir='ltr'><em>τοῦ</em></span> <span class='ocrx_word' id='word_1_42' title='bbox 667 609 915 680; x_wconf 88' lang='grc' dir='ltr'><em>Πόντου,</em></span> <span class='ocrx_word' id='word_1_43' title='bbox 938 608 1037 666; x_wconf 76' lang='grc' dir='ltr'><em>ἐὰν</em></span> <span class='ocrx_word' id='word_1_44' title='bbox 1055 611 1337 681; x_wconf 85' lang='grc' dir='ltr'><em>πάμπολυ,</em></span> <span class='ocrx_word' id='word_1_45' title='bbox 1358 611 1557 681; x_wconf 81' lang='grc' dir='ltr'><strong><em>ταύτης</em></strong></span> <span class='ocrx_word' id='word_1_46' title='bbox 1577 617 1670 682; x_wconf 87' lang='grc' dir='ltr'><em>τῆς</em></span> <span class='ocrx_word' id='word_1_47' title='bbox 1689 612 1858 681; x_wconf 84' lang='grc' dir='ltr'><em>μεγά-</em></span> 
     </span>
     <span class='ocr_line' id='line_1_7' title="bbox 124 689 1858 763; baseline -0.001 -14"><span class='ocrx_word' id='word_1_48' title='bbox 124 711 159 749; x_wconf 86' lang='grc' dir='ltr'>Ε</span> <span class='ocrx_word' id='word_1_49' title='bbox 190 700 285 763; x_wconf 83' lang='grc' dir='ltr'><em>λης</em></span> <span class='ocrx_word' id='word_1_50' title='bbox 314 690 654 763; x_wconf 79' lang='grc' dir='ltr'><em>εὐεργεσίας,</em></span> <span class='ocrx_word' id='word_1_51' title='bbox 694 691 898 747; x_wconf 87' lang='grc' dir='ltr'><em>σώσασ’</em></span> <span class='ocrx_word' id='word_1_52' title='bbox 924 689 959 747; x_wconf 71' lang='grc' dir='ltr'><em>ἃ</em></span> <span class='ocrx_word' id='word_1_53' title='bbox 987 699 1095 748; x_wconf 88' lang='grc' dir='ltr'><em>νῦν</em></span> <span class='ocrx_word' id='word_1_54' title='bbox 1124 692 1191 763; x_wconf 77' lang='grc' dir='ltr'><em>δὴ</em></span> <span class='ocrx_word' id='word_1_55' title='bbox 1216 697 1431 763; x_wconf 83' lang='grc' dir='ltr'><em>ἔλεγον,</em></span> <span class='ocrx_word' id='word_1_56' title='bbox 1469 694 1559 747; x_wconf 84' lang='grc' dir='ltr'><em>καὶ</em></span> <span class='ocrx_word' id='word_1_57' title='bbox 1578 691 1750 747; x_wconf 78' lang='grc' dir='ltr'><em>αὐτὸν</em></span> <span class='ocrx_word' id='word_1_58' title='bbox 1769 695 1858 748; x_wconf 86' lang='grc' dir='ltr'><em>καὶ</em></span> 
     </span>
     <span class='ocr_line' id='line_1_8' title="bbox 183 774 1858 848; baseline 0.001 -17"><span class='ocrx_word' id='word_1_59' title='bbox 183 780 382 840; x_wconf 79' lang='grc' dir='ltr'><em>παῖδας</em></span> <span class='ocrx_word' id='word_1_60' title='bbox 412 777 502 831; x_wconf 86' lang='grc' dir='ltr'><em>καὶ</em></span> <span class='ocrx_word' id='word_1_61' title='bbox 533 776 782 846; x_wconf 87' lang='grc' dir='ltr'><em>χρήματα</em></span> <span class='ocrx_word' id='word_1_62' title='bbox 805 778 896 831; x_wconf 84' lang='grc' dir='ltr'><em>καὶ</em></span> <span class='ocrx_word' id='word_1_63' title='bbox 924 788 1220 847; x_wconf 79' lang='grc' dir='ltr'><em>γυναῖκας,</em></span> <span class='ocrx_word' id='word_1_64' title='bbox 1261 774 1632 848; x_wconf 78' lang='grc' dir='ltr'><em>ἀποβιβάσασ’</em></span> <span class='ocrx_word' id='word_1_65' title='bbox 1656 782 1732 841; x_wconf 83' lang='grc' dir='ltr'><em>εἰς</em></span> <span class='ocrx_word' id='word_1_66' title='bbox 1760 775 1858 832; x_wconf 80' lang='grc' dir='ltr'><em>τὸν</em></span> 
     </span>
     <span class='ocr_line' id='line_1_9' title="bbox 184 855 1857 930; baseline -0.001 -15"><span class='ocrx_word' id='word_1_67' title='bbox 184 861 377 930; x_wconf 85' lang='grc' dir='ltr'><em>λιμένα</em></span> <span class='ocrx_word' id='word_1_68' title='bbox 398 859 500 914; x_wconf 84' lang='grc' dir='ltr'><em>δύο</em></span> <span class='ocrx_word' id='word_1_69' title='bbox 523 857 767 929; x_wconf 78' lang='grc' dir='ltr'><em>δραχμὰς</em></span> <span class='ocrx_word' id='word_1_70' title='bbox 788 859 1056 928; x_wconf 77' lang='grc' dir='ltr'><em>ἐπράξατο</em></span> <span class='ocrx_word' id='word_1_71' title='bbox 1072 901 1087 929; x_wconf 96' lang='grc'><em>,</em></span> <span class='ocrx_word' id='word_1_72' title='bbox 1124 860 1216 914; x_wconf 84' lang='grc' dir='ltr'><em>καὶ</em></span> <span class='ocrx_word' id='word_1_73' title='bbox 1236 855 1406 921; x_wconf 80' lang='grc' dir='ltr'><em>αὐτὸς</em></span> <span class='ocrx_word' id='word_1_74' title='bbox 1435 855 1463 914; x_wconf 83' lang='grc' dir='ltr'>ὁ</span> <span class='ocrx_word' id='word_1_75' title='bbox 1487 863 1628 929; x_wconf 80' lang='grc' dir='ltr'><em>ἔχων</em></span> <span class='ocrx_word' id='word_1_76' title='bbox 1646 859 1751 929; x_wconf 82' lang='grc' dir='ltr'><em>τήν</em></span> <span class='ocrx_word' id='word_1_77' title='bbox 1768 862 1857 914; x_wconf 85' lang='grc' dir='ltr'><em>τέ-</em></span> 
     </span>
     <span class='ocr_line' id='line_1_10' title="bbox 183 940 1858 1013; baseline 0 -17"><span class='ocrx_word' id='word_1_78' title='bbox 183 964 322 1012; x_wconf 83' lang='grc' dir='ltr'><em>χνην</em></span> <span class='ocrx_word' id='word_1_79' title='bbox 342 943 433 996; x_wconf 85' lang='grc' dir='ltr'><em>καὶ</em></span> <span class='ocrx_word' id='word_1_80' title='bbox 452 948 624 995; x_wconf 85' lang='grc' dir='ltr'><em>ταῦτα</em></span> <span class='ocrx_word' id='word_1_81' title='bbox 647 940 1083 1012; x_wconf 76' lang='grc' dir='ltr'><em>διαπραξάμενος</em></span> <span class='ocrx_word' id='word_1_82' title='bbox 1102 941 1265 1013; x_wconf 78' lang='grc' dir='ltr'><em>ἐκβὰς</em></span> <span class='ocrx_word' id='word_1_83' title='bbox 1285 942 1434 1013; x_wconf 78' lang='grc' dir='ltr'><em>παρὰ</em></span> <span class='ocrx_word' id='word_1_84' title='bbox 1451 942 1554 1012; x_wconf 87' lang='grc' dir='ltr'><em>τὴν</em></span> <span class='ocrx_word' id='word_1_85' title='bbox 1572 942 1858 997; x_wconf 90' lang='grc' dir='ltr'><em>θάλατταν</em></span> 
     </span>
     <span class='ocr_line' id='line_1_11' title="bbox 185 1022 1871 1098; baseline -0.001 -19"><span class='ocrx_word' id='word_1_86' title='bbox 185 1026 275 1079; x_wconf 85' lang='grc' dir='ltr'><em>καὶ</em></span> <span class='ocrx_word' id='word_1_87' title='bbox 302 1022 404 1095; x_wconf 82' lang='grc' dir='ltr'><em>τὴν</em></span> <span class='ocrx_word' id='word_1_88' title='bbox 433 1031 578 1078; x_wconf 89' lang='grc' dir='ltr'><em>ναῦν</em></span> <span class='ocrx_word' id='word_1_89' title='bbox 607 1036 896 1095; x_wconf 81' lang='grc' dir='ltr'><em>περιπατεῖ</em></span> <span class='ocrx_word' id='word_1_90' title='bbox 919 1028 979 1079; x_wconf 88' lang='grc' dir='ltr'><em>ἐν</em></span> <span class='ocrx_word' id='word_1_91' title='bbox 1007 1030 1207 1098; x_wconf 80' lang='grc' dir='ltr'><em>μετρίῳ</em></span> <span class='ocrx_word' id='word_1_92' title='bbox 1241 1027 1489 1097; x_wconf 89' lang='grc' dir='ltr'><em>σχήματι.</em></span> <span class='ocrx_word' id='word_1_93' title='bbox 1545 1030 1871 1095; x_wconf 82' lang='grc' dir='ltr'><em>λογίζεσθαι-</em></span> 
     </span>
     <span class='ocr_line' id='line_1_12' title="bbox 181 1105 1858 1178; baseline -0.001 -16"><span class='ocrx_word' id='word_1_94' title='bbox 181 1106 306 1178; x_wconf 84' lang='grc' dir='ltr'><em>γάρ,</em></span> <span class='ocrx_word' id='word_1_95' title='bbox 322 1105 488 1177; x_wconf 89' lang='grc' dir='ltr'><em>οἶμαι,</em></span> <span class='ocrx_word' id='word_1_96' title='bbox 513 1108 809 1176; x_wconf 85' lang='grc' dir='ltr'><em>ἐπίσταται,</em></span> <span class='ocrx_word' id='word_1_97' title='bbox 833 1105 918 1161; x_wconf 81' lang='grc' dir='ltr'><em>ὅτι</em></span> <span class='ocrx_word' id='word_1_98' title='bbox 938 1105 1147 1177; x_wconf 75' lang='grc' dir='ltr'><em>ἄδηλόν</em></span> <span class='ocrx_word' id='word_1_99' title='bbox 1167 1109 1331 1178; x_wconf 90' lang='grc' dir='ltr'><em>ἐστιν,</em></span> <span class='ocrx_word' id='word_1_100' title='bbox 1355 1106 1615 1170; x_wconf 76' lang='grc' dir='ltr'><em>οὕστινάς</em></span> <span class='ocrx_word' id='word_1_101' title='bbox 1633 1128 1690 1161; x_wconf 92' lang='grc' dir='ltr'><em>τε</em></span> <span class='ocrx_word' id='word_1_102' title='bbox 1712 1105 1858 1176; x_wconf 83' lang='grc' dir='ltr'><em>ώφέ-</em></span> 
     </span>
     <span class='ocr_line' id='line_1_13' title="bbox 187 1188 1859 1259; baseline 0.001 -16"><span class='ocrx_word' id='word_1_103' title='bbox 187 1195 317 1258; x_wconf 87' lang='grc' dir='ltr'><em>ληκε</em></span> <span class='ocrx_word' id='word_1_104' title='bbox 347 1194 460 1243; x_wconf 81' lang='grc' dir='ltr'><em>τών</em></span> <span class='ocrx_word' id='word_1_105' title='bbox 490 1189 886 1259; x_wconf 82' lang='grc' dir='ltr'><em>συμπλεόντων</em></span> <span class='ocrx_word' id='word_1_106' title='bbox 915 1188 1017 1245; x_wconf 85' lang='grc' dir='ltr'><em>οῦκ</em></span> <span class='ocrx_word' id='word_1_107' title='bbox 1040 1188 1206 1254; x_wconf 89' lang='grc' dir='ltr'><em>ἐάσας</em></span> <span class='ocrx_word' id='word_1_108' title='bbox 1237 1195 1740 1259; x_wconf 81' lang='grc' dir='ltr'><em>καταποντωθῆναι</em></span> <span class='ocrx_word' id='word_1_109' title='bbox 1768 1191 1859 1244; x_wconf 83' lang='grc' dir='ltr'><em>καὶ</em></span> 
     </span>
     <span class='ocr_line' id='line_1_14' title="bbox 185 1269 1858 1342; baseline -0.001 -16"><span class='ocrx_word' id='word_1_110' title='bbox 185 1270 444 1336; x_wconf 80' lang='grc' dir='ltr'><em>οὕστινας</em></span> <span class='ocrx_word' id='word_1_111' title='bbox 465 1276 729 1341; x_wconf 80' lang='grc' dir='ltr'><em>ἔβλαψεν,</em></span> <span class='ocrx_word' id='word_1_112' title='bbox 770 1269 928 1336; x_wconf 78' lang='grc' dir='ltr'><em>εἰδώς</em></span> <span class='ocrx_word' id='word_1_113' title='bbox 947 1271 1032 1326; x_wconf 84' lang='grc' dir='ltr'><em>ὅτι</em></span> <span class='ocrx_word' id='word_1_114' title='bbox 1056 1270 1223 1328; x_wconf 74' lang='grc' dir='ltr'><em>οὐδὲν</em></span> <span class='ocrx_word' id='word_1_115' title='bbox 1243 1270 1446 1336; x_wconf 78' lang='grc' dir='ltr'><em>αύτούς</em></span> <span class='ocrx_word' id='word_1_116' title='bbox 1474 1277 1723 1342; x_wconf 82' lang='grc' dir='ltr'><em>βελτίους</em></span> <span class='ocrx_word' id='word_1_117' title='bbox 1742 1273 1858 1336; x_wconf 82' lang='grc' dir='ltr'><em>ἐξε-</em></span> 
     </span>
     <span class='ocr_line' id='line_1_15' title="bbox 72 1348 1855 1425; baseline -0.005 -9"><span class='ocrx_word' id='word_1_118' title='bbox 72 1372 155 1416; x_wconf 79' lang='grc'><em>512</em></span> <span class='ocrx_word' id='word_1_119' title='bbox 181 1358 413 1425; x_wconf 90' lang='grc' dir='ltr'><em>βίβασεν</em></span> <span class='ocrx_word' id='word_1_120' title='bbox 432 1349 468 1424; x_wconf 76' lang='grc' dir='ltr'><em>ἢ</em></span> <span class='ocrx_word' id='word_1_121' title='bbox 489 1348 596 1408; x_wconf 82' lang='grc' dir='ltr'><em>οἷοι</em></span> <span class='ocrx_word' id='word_1_122' title='bbox 618 1356 904 1425; x_wconf 82' lang='grc' dir='ltr'><em>ἐνέβησαν,</em></span> <span class='ocrx_word' id='word_1_123' title='bbox 919 1353 1047 1409; x_wconf 79' lang='grc' dir='ltr'><em>οὔτε</em></span> <span class='ocrx_word' id='word_1_124' title='bbox 1064 1353 1129 1409; x_wconf 75' lang='grc' dir='ltr'><em>τὰ</em></span> <span class='ocrx_word' id='word_1_125' title='bbox 1151 1355 1376 1423; x_wconf 91' lang='grc' dir='ltr'><em>σώματα</em></span> <span class='ocrx_word' id='word_1_126' title='bbox 1396 1354 1524 1410; x_wconf 81' lang='grc' dir='ltr'><em>οῦτε</em></span> <span class='ocrx_word' id='word_1_127' title='bbox 1549 1352 1646 1418; x_wconf 71' lang='grc' dir='ltr'><em>τοὶς</em></span> <span class='ocrx_word' id='word_1_128' title='bbox 1663 1354 1855 1424; x_wconf 82' lang='grc' dir='ltr'><em>ψυχάς.</em></span> 
     </span>
     <span class='ocr_line' id='line_1_16' title="bbox 184 1429 1853 1507; baseline -0.001 -16"><span class='ocrx_word' id='word_1_129' title='bbox 184 1441 450 1506; x_wconf 80' lang='grc' dir='ltr'><em>λογίζεται</em></span> <span class='ocrx_word' id='word_1_130' title='bbox 470 1429 591 1506; x_wconf 75' lang='grc' dir='ltr'><em>οὖν,</em></span> <span class='ocrx_word' id='word_1_131' title='bbox 615 1435 700 1490; x_wconf 79' lang='grc' dir='ltr'><em>ὅτι</em></span> <span class='ocrx_word' id='word_1_132' title='bbox 731 1434 858 1506; x_wconf 82' lang='grc' dir='ltr'><em>οὐκ,</em></span> <span class='ocrx_word' id='word_1_133' title='bbox 901 1442 951 1492; x_wconf 86' lang='grc' dir='ltr'><em>εί</em></span> <span class='ocrx_word' id='word_1_134' title='bbox 979 1440 1081 1507; x_wconf 80' lang='grc' dir='ltr'><em>μέν</em></span> <span class='ocrx_word' id='word_1_135' title='bbox 1110 1459 1190 1501; x_wconf 90' lang='grc' dir='ltr'><em>τις</em></span> <span class='ocrx_word' id='word_1_136' title='bbox 1216 1436 1473 1506; x_wconf 90' lang='grc' dir='ltr'><em>μεγάλοις</em></span> <span class='ocrx_word' id='word_1_137' title='bbox 1503 1437 1593 1492; x_wconf 86' lang='grc' dir='ltr'><em>καὶ</em></span> <span class='ocrx_word' id='word_1_138' title='bbox 1613 1434 1853 1500; x_wconf 77' lang='grc' dir='ltr'><em>ἀνιάτοις</em></span> 
     </span>
     <span class='ocr_line' id='line_1_17' title="bbox 184 1509 1856 1589; baseline -0.002 -15"><span class='ocrx_word' id='word_1_139' title='bbox 184 1519 457 1589; x_wconf 84' lang='grc' dir='ltr'><em>νοσήμασι</em></span> <span class='ocrx_word' id='word_1_140' title='bbox 477 1517 613 1572; x_wconf 76' lang='grc' dir='ltr'><em>κατὰ</em></span> <span class='ocrx_word' id='word_1_141' title='bbox 634 1515 694 1572; x_wconf 84' lang='grc' dir='ltr'><em>τὸ</em></span> <span class='ocrx_word' id='word_1_142' title='bbox 718 1524 875 1588; x_wconf 78' lang='grc' dir='ltr'><em>σῶμα</em></span> <span class='ocrx_word' id='word_1_143' title='bbox 896 1519 1262 1589; x_wconf 85' lang='grc' dir='ltr'><em>συνεχόμενος</em></span> <span class='ocrx_word' id='word_1_144' title='bbox 1279 1519 1351 1589; x_wconf 88' lang='grc' dir='ltr'><em>μὴ</em></span> <span class='ocrx_word' id='word_1_145' title='bbox 1373 1515 1643 1587; x_wconf 75' lang='grc' dir='ltr'><em>ἀπεπνίγη</em></span> <span class='ocrx_word' id='word_1_146' title='bbox 1657 1560 1671 1585; x_wconf 87' lang='grc'><em>,</em></span> <span class='ocrx_word' id='word_1_147' title='bbox 1695 1509 1856 1581; x_wconf 77' lang='grc' dir='ltr'><em>οὗτος</em></span> 
     </span>
     <span class='ocr_line' id='line_1_18' title="bbox 185 1596 1849 1671; baseline -0.002 -15"><span class='ocrx_word' id='word_1_148' title='bbox 185 1600 286 1671; x_wconf 76' lang='grc' dir='ltr'><em>μὲν</em></span> <span class='ocrx_word' id='word_1_149' title='bbox 307 1599 504 1665; x_wconf 78' lang='grc' dir='ltr'><em>ἄθλιός</em></span> <span class='ocrx_word' id='word_1_150' title='bbox 532 1603 681 1656; x_wconf 89' lang='grc' dir='ltr'><em>ἐστιν</em></span> <span class='ocrx_word' id='word_1_151' title='bbox 709 1599 795 1655; x_wconf 81' lang='grc' dir='ltr'><em>ὅτι</em></span> <span class='ocrx_word' id='word_1_152' title='bbox 824 1599 927 1656; x_wconf 80' lang='grc' dir='ltr'><em>οὐκ</em></span> <span class='ocrx_word' id='word_1_153' title='bbox 957 1600 1231 1671; x_wconf 79' lang='grc' dir='ltr'><em>ἀπέθανε,</em></span> <span class='ocrx_word' id='word_1_154' title='bbox 1268 1602 1359 1656; x_wconf 87' lang='grc' dir='ltr'><em>καὶ</em></span> <span class='ocrx_word' id='word_1_155' title='bbox 1384 1599 1551 1655; x_wconf 74' lang='grc' dir='ltr'><em>οὐδὲν</em></span> <span class='ocrx_word' id='word_1_156' title='bbox 1570 1596 1657 1654; x_wconf 82' lang='grc' dir='ltr'><em>ὑπ’</em></span> <span class='ocrx_word' id='word_1_157' title='bbox 1681 1598 1849 1654; x_wconf 76' lang='grc' dir='ltr'><em>αὐτοῦ</em></span> 
     </span>
     <span class='ocr_line' id='line_1_19' title="bbox 187 1681 1854 1758; baseline -0.002 -20"><span class='ocrx_word' id='word_1_158' title='bbox 187 1681 485 1754; x_wconf 78' lang='grc' dir='ltr'><em>ὠφέληται·</em></span> <span class='ocrx_word' id='word_1_159' title='bbox 525 1688 574 1738; x_wconf 82' lang='grc' dir='ltr'><em>εἰ</em></span> <span class='ocrx_word' id='word_1_160' title='bbox 593 1685 656 1739; x_wconf 81' lang='grc' dir='ltr'><em>δέ</em></span> <span class='ocrx_word' id='word_1_161' title='bbox 671 1706 748 1747; x_wconf 86' lang='grc' dir='ltr'><em>τις</em></span> <span class='ocrx_word' id='word_1_162' title='bbox 762 1683 868 1753; x_wconf 74' lang='grc' dir='ltr'><em>ἄρα</em></span> <span class='ocrx_word' id='word_1_163' title='bbox 890 1687 949 1739; x_wconf 86' lang='grc' dir='ltr'><em>ἐν</em></span> <span class='ocrx_word' id='word_1_164' title='bbox 968 1691 1046 1758; x_wconf 76' lang='grc' dir='ltr'><em>τῷ</em></span> <span class='ocrx_word' id='word_1_165' title='bbox 1068 1691 1166 1740; x_wconf 86' lang='grc' dir='ltr'><em>τοῦ</em></span> <span class='ocrx_word' id='word_1_166' title='bbox 1190 1684 1443 1755; x_wconf 84' lang='grc' dir='ltr'><em>σώματος</em></span> <span class='ocrx_word' id='word_1_167' title='bbox 1460 1683 1776 1755; x_wconf 78' lang='grc' dir='ltr'><em>τιμιωτέρῳ,</em></span> <span class='ocrx_word' id='word_1_168' title='bbox 1790 1687 1854 1754; x_wconf 83' lang='grc' dir='ltr'><em>τῇ</em></span> 
     </span>
     <span class='ocr_line' id='line_1_20' title="bbox 185 1765 1857 1838; baseline -0.001 -18"><span class='ocrx_word' id='word_1_169' title='bbox 185 1773 335 1838; x_wconf 79' lang='grc' dir='ltr'><em>ψυχῇ</em></span> <span class='ocrx_word' id='word_1_170' title='bbox 350 1809 362 1833; x_wconf 87' lang='grc'><em>,</em></span> <span class='ocrx_word' id='word_1_171' title='bbox 384 1765 560 1821; x_wconf 71' lang='grc' dir='ltr'><em>πολλοὶ</em></span> <span class='ocrx_word' id='word_1_172' title='bbox 580 1765 863 1835; x_wconf 89' lang='grc' dir='ltr'><em>νοσήματα</em></span> <span class='ocrx_word' id='word_1_173' title='bbox 884 1769 989 1836; x_wconf 81' lang='grc' dir='ltr'><em>ἔχει</em></span> <span class='ocrx_word' id='word_1_174' title='bbox 1007 1768 1096 1822; x_wconf 83' lang='grc' dir='ltr'><em>καὶ</em></span> <span class='ocrx_word' id='word_1_175' title='bbox 1118 1766 1330 1836; x_wconf 84' lang='grc' dir='ltr'><em>άνίατα,</em></span> <span class='ocrx_word' id='word_1_176' title='bbox 1347 1765 1525 1838; x_wconf 77' lang='grc' dir='ltr'><em>τούτῳ</em></span> <span class='ocrx_word' id='word_1_177' title='bbox 1549 1765 1607 1820; x_wconf 78' lang='grc' dir='ltr'><em>δὲ</em></span> <span class='ocrx_word' id='word_1_178' title='bbox 1625 1767 1857 1836; x_wconf 85' lang='grc' dir='ltr'><em>βιωτέον</em></span> 
     </span>
     <span class='ocr_line' id='line_1_21' title="bbox 185 1845 1849 1918; baseline -0.001 -16"><span class='ocrx_word' id='word_1_179' title='bbox 185 1850 296 1903; x_wconf 87' lang='grc' dir='ltr'><em>ἐστὶ</em></span> <span class='ocrx_word' id='word_1_180' title='bbox 317 1850 408 1903; x_wconf 83' lang='grc' dir='ltr'><em>καὶ</em></span> <span class='ocrx_word' id='word_1_181' title='bbox 426 1855 627 1902; x_wconf 89' lang='grc' dir='ltr'><em>τοῦτον</em></span> <span class='ocrx_word' id='word_1_182' title='bbox 649 1846 928 1917; x_wconf 85' lang='grc' dir='ltr'><em>ὀνήσειεν,</em></span> <span class='ocrx_word' id='word_1_183' title='bbox 961 1848 1032 1902; x_wconf 74' lang='grc' dir='ltr'><em>ἄν</em></span> <span class='ocrx_word' id='word_1_184' title='bbox 1053 1871 1109 1903; x_wconf 89' lang='grc' dir='ltr'><em>τε</em></span> <span class='ocrx_word' id='word_1_185' title='bbox 1137 1852 1195 1904; x_wconf 88' lang='grc' dir='ltr'><em>ἐκ</em></span> <span class='ocrx_word' id='word_1_186' title='bbox 1217 1848 1495 1918; x_wconf 81' lang='grc' dir='ltr'><em>θαλάττης</em></span> <span class='ocrx_word' id='word_1_187' title='bbox 1525 1845 1595 1901; x_wconf 74' lang='grc' dir='ltr'><em>ἄν</em></span> <span class='ocrx_word' id='word_1_188' title='bbox 1614 1869 1670 1902; x_wconf 91' lang='grc' dir='ltr'><em>τε</em></span> <span class='ocrx_word' id='word_1_189' title='bbox 1691 1850 1750 1902; x_wconf 89' lang='grc' dir='ltr'><em>ἐκ</em></span> <span class='ocrx_word' id='word_1_190' title='bbox 1771 1850 1849 1900; x_wconf 82' lang='grc' dir='ltr'><em>δι·-</em></span> 
     </span>
     <span class='ocr_line' id='line_1_22' title="bbox 183 1927 1851 2001; baseline -0.002 -15"><span class='ocrx_word' id='word_1_191' title='bbox 183 1936 485 2001; x_wconf 83' lang='grc' dir='ltr'><em>καστηρίου</em></span> <span class='ocrx_word' id='word_1_192' title='bbox 522 1929 594 1985; x_wconf 76' lang='grc' dir='ltr'><em>ἄν</em></span> <span class='ocrx_word' id='word_1_193' title='bbox 628 1951 685 1984; x_wconf 93' lang='grc' dir='ltr'><em>τε</em></span> <span class='ocrx_word' id='word_1_194' title='bbox 721 1928 964 1984; x_wconf 76' lang='grc' dir='ltr'><em>ἄλλοθεν</em></span> <span class='ocrx_word' id='word_1_195' title='bbox 993 1930 1312 1986; x_wconf 82' lang='grc' dir='ltr'><em>ὁποθενοῦν</em></span> <span class='ocrx_word' id='word_1_196' title='bbox 1343 1930 1522 2001; x_wconf 89' lang='grc' dir='ltr'><em>σώσῃ,</em></span> <span class='ocrx_word' id='word_1_197' title='bbox 1545 1927 1658 1984; x_wconf 76' lang='grc' dir='ltr'><em>ἀλλ’</em></span> <span class='ocrx_word' id='word_1_198' title='bbox 1689 1927 1851 1998; x_wconf 83' lang='grc' dir='ltr'><em>οἶδεν,</em></span> 
     </span>
     <span class='ocr_line' id='line_1_23' title="bbox 122 2011 1853 2086; baseline -0.001 -18"><span class='ocrx_word' id='word_1_199' title='bbox 122 2029 153 2068; x_wconf 89' lang='grc' dir='ltr'><strong>Β</strong></span> <span class='ocrx_word' id='word_1_200' title='bbox 188 2011 271 2068; x_wconf 80' lang='grc' dir='ltr'><em>ὅτι</em></span> <span class='ocrx_word' id='word_1_201' title='bbox 291 2012 396 2068; x_wconf 83' lang='grc' dir='ltr'><em>οὐκ</em></span> <span class='ocrx_word' id='word_1_202' title='bbox 426 2011 659 2084; x_wconf 71' lang='grc' dir='ltr'><em>ἄμεινόν</em></span> <span class='ocrx_word' id='word_1_203' title='bbox 678 2014 791 2066; x_wconf 90' lang='grc' dir='ltr'><em>ἐστι</em></span> <span class='ocrx_word' id='word_1_204' title='bbox 812 2016 908 2082; x_wconf 78' lang='grc' dir='ltr'><em>ζῇν</em></span> <span class='ocrx_word' id='word_1_205' title='bbox 926 2020 1004 2086; x_wconf 79' lang='grc' dir='ltr'><em>τῷ</em></span> <span class='ocrx_word' id='word_1_206' title='bbox 1033 2020 1302 2085; x_wconf 75' lang='grc' dir='ltr'><em>μοχθηρῷ</em></span> <span class='ocrx_word' id='word_1_207' title='bbox 1330 2011 1614 2085; x_wconf 79' lang='grc' dir='ltr'><em>ἀνθρώπῳ</em></span> <span class='ocrx_word' id='word_1_208' title='bbox 1631 2034 1641 2043; x_wconf 92' lang='grc'><em>·</em></span> <span class='ocrx_word' id='word_1_209' title='bbox 1676 2019 1853 2076; x_wconf 77' lang='grc' dir='ltr'><em>κακῶς</em></span> 
     </span>
     <span class='ocr_line' id='line_1_24' title="bbox 182 2093 787 2165; baseline -0.007 -14"><span class='ocrx_word' id='word_1_210' title='bbox 182 2096 288 2165; x_wconf 83' lang='grc' dir='ltr'><em>γὰρ</em></span> <span class='ocrx_word' id='word_1_211' title='bbox 309 2093 519 2165; x_wconf 69' lang='grc' dir='ltr'><em>ἀνάγκη</em></span> <span class='ocrx_word' id='word_1_212' title='bbox 542 2095 653 2149; x_wconf 87' lang='grc' dir='ltr'><em>ἐστὶ</em></span> <span class='ocrx_word' id='word_1_213' title='bbox 675 2098 787 2164; x_wconf 75' lang='grc' dir='ltr'><em>ζῇν.</em></span> 
     </span>
    </p>

    <p class='ocr_par' dir='ltr' id='par_1_3' title="bbox 183 2173 1856 2739">
     <span class='ocr_line' id='line_1_25' title="bbox 325 2173 1849 2247; baseline -0.001 -15"><span class='ocrx_word' id='word_1_214' title='bbox 325 2183 548 2234; x_wconf 88' lang='lat' dir='ltr'>LXVIII.</span> <span class='ocrx_word' id='word_1_215' title='bbox 623 2174 734 2231; x_wconf 79' lang='grc' dir='ltr'><em>Διὰ</em></span> <span class='ocrx_word' id='word_1_216' title='bbox 754 2181 926 2230; x_wconf 89' lang='grc' dir='ltr'><em>ταῦτα</em></span> <span class='ocrx_word' id='word_1_217' title='bbox 943 2173 1011 2230; x_wconf 81' lang='grc' dir='ltr'><em>οὐ</em></span> <span class='ocrx_word' id='word_1_218' title='bbox 1031 2177 1200 2247; x_wconf 90' lang='grc' dir='ltr'><em>νόμος</em></span> <span class='ocrx_word' id='word_1_219' title='bbox 1219 2178 1329 2231; x_wconf 86' lang='grc' dir='ltr'><em>ἐστὶ</em></span> <span class='ocrx_word' id='word_1_220' title='bbox 1358 2175 1737 2246; x_wconf 86' lang='grc' dir='ltr'><em>σεμνύνεσθαι</em></span> <span class='ocrx_word' id='word_1_221' title='bbox 1756 2174 1849 2231; x_wconf 74' lang='grc' dir='ltr'><em>τὸν</em></span> 
     </span>
     <span class='ocr_line' id='line_1_26' title="bbox 183 2250 1825 2330; baseline -0.002 -16"><span class='ocrx_word' id='word_1_222' title='bbox 183 2259 559 2330; x_wconf 83' lang='grc' dir='ltr'><em>κυβερνήτην,</em></span> <span class='ocrx_word' id='word_1_223' title='bbox 597 2264 792 2327; x_wconf 90' lang='grc' dir='ltr'><em>καίπερ</em></span> <span class='ocrx_word' id='word_1_224' title='bbox 815 2258 1058 2324; x_wconf 81' lang='grc' dir='ltr'><em>σώζοντα</em></span> <span class='ocrx_word' id='word_1_225' title='bbox 1087 2255 1251 2328; x_wconf 76' lang='grc' dir='ltr'><em>ἡμᾶς·</em></span> <span class='ocrx_word' id='word_1_226' title='bbox 1291 2255 1427 2312; x_wconf 81' lang='grc' dir='ltr'><em>οὐδέ</em></span> <span class='ocrx_word' id='word_1_227' title='bbox 1441 2279 1530 2327; x_wconf 86' lang='grc' dir='ltr'><em>γε,</em></span> <span class='ocrx_word' id='word_1_228' title='bbox 1570 2250 1615 2311; x_wconf 71' lang='grc' dir='ltr'><em>ὦ</em></span> <span class='ocrx_word' id='word_1_229' title='bbox 1631 2258 1825 2327; x_wconf 86' lang='grc' dir='ltr'><em>θαυμά</em></span> 
     </span>
     <span class='ocr_line' id='line_1_27' title="bbox 184 2337 1856 2411; baseline -0.001 -16"><span class='ocrx_word' id='word_1_230' title='bbox 184 2359 266 2395; x_wconf 89' lang='grc' dir='ltr'><em>σιε</em></span> <span class='ocrx_word' id='word_1_231' title='bbox 281 2383 294 2409; x_wconf 87' lang='grc'><em>,</em></span> <span class='ocrx_word' id='word_1_232' title='bbox 315 2339 414 2396; x_wconf 83' lang='grc' dir='ltr'><em>τὸν</em></span> <span class='ocrx_word' id='word_1_233' title='bbox 434 2341 840 2411; x_wconf 86' lang='grc' dir='ltr'><em>μηχανοποιόν,</em></span> <span class='ocrx_word' id='word_1_234' title='bbox 863 2337 923 2404; x_wconf 81' lang='grc' dir='ltr'><em>ὃς</em></span> <span class='ocrx_word' id='word_1_235' title='bbox 943 2338 1074 2395; x_wconf 76' lang='grc' dir='ltr'><em>οὔτε</em></span> <span class='ocrx_word' id='word_1_236' title='bbox 1093 2347 1431 2411; x_wconf 90' lang='grc' dir='ltr'><em>στρατηγοῦ,</em></span> <span class='ocrx_word' id='word_1_237' title='bbox 1453 2338 1526 2410; x_wconf 84' lang='grc' dir='ltr'><em>μὴ</em></span> <span class='ocrx_word' id='word_1_238' title='bbox 1550 2338 1634 2394; x_wconf 82' lang='grc' dir='ltr'><em>ὅτι</em></span> <span class='ocrx_word' id='word_1_239' title='bbox 1652 2345 1856 2410; x_wconf 89' lang='grc' dir='ltr'><em>κυβερ-</em></span> 
     </span>
     <span class='ocr_line' id='line_1_28' title="bbox 185 2420 1855 2492; baseline -0.001 -16"><span class='ocrx_word' id='word_1_240' title='bbox 185 2422 386 2492; x_wconf 88' lang='grc' dir='ltr'><em>νήτου,</em></span> <span class='ocrx_word' id='word_1_241' title='bbox 426 2420 555 2476; x_wconf 75' lang='grc' dir='ltr'><em>οὔτε</em></span> <span class='ocrx_word' id='word_1_242' title='bbox 585 2420 758 2477; x_wconf 77' lang='grc' dir='ltr'><em>ἄλλου</em></span> <span class='ocrx_word' id='word_1_243' title='bbox 787 2420 1016 2486; x_wconf 83' lang='grc' dir='ltr'><em>οὐδενὸς</em></span> <span class='ocrx_word' id='word_1_244' title='bbox 1046 2421 1248 2478; x_wconf 85' lang='grc' dir='ltr'><em>ἐλάττω</em></span> <span class='ocrx_word' id='word_1_245' title='bbox 1277 2426 1451 2478; x_wconf 88' lang='grc' dir='ltr'><em>ἐνίοτε</em></span> <span class='ocrx_word' id='word_1_246' title='bbox 1482 2422 1712 2477; x_wconf 84' lang='grc' dir='ltr'><em>δύναται</em></span> <span class='ocrx_word' id='word_1_247' title='bbox 1743 2421 1855 2475; x_wconf 89' lang='grc' dir='ltr'><em>σώ-</em></span> 
     </span>
     <span class='ocr_line' id='line_1_29' title="bbox 185 2502 1852 2574; baseline -0.001 -16"><span class='ocrx_word' id='word_1_248' title='bbox 185 2508 294 2569; x_wconf 82' lang='grc' dir='ltr'><em>ζειν</em></span> <span class='ocrx_word' id='word_1_249' title='bbox 309 2524 319 2535; x_wconf 86' lang='grc'><em>·</em></span> <span class='ocrx_word' id='word_1_250' title='bbox 356 2503 544 2568; x_wconf 88' lang='grc' dir='ltr'><em>πόλεις</em></span> <span class='ocrx_word' id='word_1_251' title='bbox 562 2502 669 2574; x_wconf 77' lang='grc' dir='ltr'><em>γὰρ</em></span> <span class='ocrx_word' id='word_1_252' title='bbox 690 2509 840 2559; x_wconf 79' lang='grc' dir='ltr'><em>ἔστιν</em></span> <span class='ocrx_word' id='word_1_253' title='bbox 861 2502 951 2559; x_wconf 82' lang='grc' dir='ltr'><em>ὅτε</em></span> <span class='ocrx_word' id='word_1_254' title='bbox 972 2503 1104 2568; x_wconf 81' lang='grc' dir='ltr'><em>ὅλας</em></span> <span class='ocrx_word' id='word_1_255' title='bbox 1123 2504 1296 2570; x_wconf 77' lang='grc' dir='ltr'><em>σώζει.</em></span> <span class='ocrx_word' id='word_1_256' title='bbox 1345 2503 1422 2574; x_wconf 88' lang='grc' dir='ltr'><em>μή</em></span> <span class='ocrx_word' id='word_1_257' title='bbox 1443 2521 1530 2559; x_wconf 90' lang='grc' dir='ltr'><em>σοι</em></span> <span class='ocrx_word' id='word_1_258' title='bbox 1549 2507 1704 2558; x_wconf 79' lang='grc' dir='ltr'><em>δοκεῖ</em></span> <span class='ocrx_word' id='word_1_259' title='bbox 1716 2502 1852 2557; x_wconf 78' lang='grc' dir='ltr'><em>κατὰ</em></span> 
     </span>
     <span class='ocr_line' id='line_1_30' title="bbox 183 2579 1828 2657; baseline -0.001 -17"><span class='ocrx_word' id='word_1_260' title='bbox 183 2585 284 2640; x_wconf 85' lang='grc' dir='ltr'><em>τὸν</em></span> <span class='ocrx_word' id='word_1_261' title='bbox 303 2583 590 2640; x_wconf 81' lang='grc' dir='ltr'><em>δικανικὸν</em></span> <span class='ocrx_word' id='word_1_262' title='bbox 613 2584 779 2652; x_wconf 79' lang='grc' dir='ltr'><em>εἷναι;</em></span> <span class='ocrx_word' id='word_1_263' title='bbox 814 2592 991 2641; x_wconf 86' lang='grc' dir='ltr'><em>καίτοι</em></span> <span class='ocrx_word' id='word_1_264' title='bbox 1012 2591 1062 2641; x_wconf 86' lang='grc' dir='ltr'><em>εἰ</em></span> <span class='ocrx_word' id='word_1_265' title='bbox 1077 2587 1335 2657; x_wconf 89' lang='grc' dir='ltr'><em>βούλοιτο</em></span> <span class='ocrx_word' id='word_1_266' title='bbox 1354 2588 1559 2656; x_wconf 84' lang='grc' dir='ltr'><em>λέγειν,</em></span> <span class='ocrx_word' id='word_1_267' title='bbox 1583 2579 1628 2639; x_wconf 73' lang='grc' dir='ltr'><em>ὦ</em></span> <span class='ocrx_word' id='word_1_268' title='bbox 1645 2590 1828 2640; x_wconf 85' lang='grc' dir='ltr'><em>Καλλί</em></span> 
     </span>
     <span class='ocr_line' id='line_1_31' title="bbox 184 2664 1853 2739; baseline -0.001 -17"><span class='ocrx_word' id='word_1_269' title='bbox 184 2674 356 2734; x_wconf 83' lang='grc' dir='ltr'><em>κλεις,</em></span> <span class='ocrx_word' id='word_1_270' title='bbox 399 2665 539 2735; x_wconf 74' lang='grc' dir='ltr'><em>ἅπερ</em></span> <span class='ocrx_word' id='word_1_271' title='bbox 559 2664 740 2737; x_wconf 78' lang='grc' dir='ltr'><em>ὑμεῖς,</em></span> <span class='ocrx_word' id='word_1_272' title='bbox 780 2668 1074 2738; x_wconf 85' lang='grc' dir='ltr'><em>σεμνύνων</em></span> <span class='ocrx_word' id='word_1_273' title='bbox 1104 2666 1164 2723; x_wconf 84' lang='grc' dir='ltr'><em>τὸ</em></span> <span class='ocrx_word' id='word_1_274' title='bbox 1196 2675 1447 2739; x_wconf 80' lang='grc' dir='ltr'><em>πρᾶγμα,</em></span> <span class='ocrx_word' id='word_1_275' title='bbox 1487 2666 1853 2737; x_wconf 87' lang='grc' dir='ltr'><em>καταχώσειεν</em></span> 
     </span>
    </p>

    <p class='ocr_par' dir='ltr' id='par_1_4' title="bbox 124 2744 1854 2903">
     <span class='ocr_line' id='line_1_32' title="bbox 124 2744 1854 2820; baseline 0 -18"><span class='ocrx_word' id='word_1_276' title='bbox 124 2768 153 2810; x_wconf 87' lang='lat' dir='ltr'><strong>c</strong></span> <span class='ocrx_word' id='word_1_277' title='bbox 185 2744 257 2803; x_wconf 76' lang='lat' dir='ltr'><em>‹3c&#39;v</em></span> <span class='ocrx_word' id='word_1_278' title='bbox 287 2745 430 2818; x_wconf 83' lang='grc' dir='ltr'><em>ὑμᾶς</em></span> <span class='ocrx_word' id='word_1_279' title='bbox 458 2759 571 2812; x_wconf 83' lang='grc' dir='ltr'><em>τοῖς</em></span> <span class='ocrx_word' id='word_1_280' title='bbox 598 2749 809 2820; x_wconf 88' lang='grc' dir='ltr'><em>λόγοις,</em></span> <span class='ocrx_word' id='word_1_281' title='bbox 851 2752 1028 2820; x_wconf 83' lang='grc' dir='ltr'><em>λέγων</em></span> <span class='ocrx_word' id='word_1_282' title='bbox 1057 2754 1147 2806; x_wconf 84' lang='grc' dir='ltr'><em>καὶ</em></span> <span class='ocrx_word' id='word_1_283' title='bbox 1176 2756 1513 2819; x_wconf 74' lang='grc' dir='ltr'><em>παρακαλῶν</em></span> <span class='ocrx_word' id='word_1_284' title='bbox 1542 2750 1626 2803; x_wconf 85' lang='grc' dir='ltr'><em>ἐπὶ</em></span> <span class='ocrx_word' id='word_1_285' title='bbox 1654 2746 1714 2803; x_wconf 86' lang='grc' dir='ltr'><em>τὸ</em></span> <span class='ocrx_word' id='word_1_286' title='bbox 1738 2753 1854 2803; x_wconf 77' lang='grc' dir='ltr'><em>δεῖν</em></span> 
     </span>
     <span class='ocr_line' id='line_1_33' title="bbox 182 2825 1853 2903; baseline -0.001 -17"><span class='ocrx_word' id='word_1_287' title='bbox 182 2836 475 2900; x_wconf 86' lang='grc' dir='ltr'><em>γίγνεσθαι</em></span> <span class='ocrx_word' id='word_1_288' title='bbox 493 2832 927 2903; x_wconf 87' lang='grc' dir='ltr'><em>μηχανοποιούς,</em></span> <span class='ocrx_word' id='word_1_289' title='bbox 971 2830 1043 2896; x_wconf 78' lang='grc' dir='ltr'><em>ὡς</em></span> <span class='ocrx_word' id='word_1_290' title='bbox 1066 2831 1231 2887; x_wconf 78' lang='grc' dir='ltr'><em>οὐδὲν</em></span> <span class='ocrx_word' id='word_1_291' title='bbox 1255 2825 1427 2886; x_wconf 77' lang='grc' dir='ltr'><em>τᾶλλά</em></span> <span class='ocrx_word' id='word_1_292' title='bbox 1449 2833 1620 2886; x_wconf 86' lang='grc' dir='ltr'><em>ἐστιν·</em></span> <span class='ocrx_word' id='word_1_293' title='bbox 1662 2828 1853 2895; x_wconf 78' lang='grc' dir='ltr'><em>ἱκανὸς</em></span> 
     </span>
    </p>
   </div>
  </div>
 </body>
</html>
