1962 3112
200 90 303 144 232
813 90 1283 141 ΠΛΑΤΩΝΟΣ
1817 100 1874 149 34

205 233 303 297 λης
321 227 644 299 ἐγχειρίδιον
663 227 873 296 λέγοιμι
890 224 1027 295 πρὸς
1045 226 1104 281 σὲ
1125 223 1210 281 ὅτι
1230 218 1274 280 ὦ
1291 232 1453 282 Πῶλε
1466 269 1480 298 ,
1502 228 1621 298 ἐμοὶ
1641 227 1874 298 δύναμίς

208 331 286 373 τις
318 312 408 364 καὶ
435 309 696 377 τυραννὶς
726 313 1012 378 θαυμασία
1045 305 1170 378 ἄρτι
1199 310 1595 379 προσγέγονεν·
1636 305 1740 366 ἐὰν
1768 309 1874 380 γάρ

205 389 314 460 ἄρα
341 392 458 461 ἐμοὶ
490 390 623 462 δόξῃ
652 386 775 444 τινὰ
807 390 1043 443 τουτωνὶ
1068 395 1182 443 τῶν
1200 387 1522 457 ἀνθρώπων
1550 383 1630 445 ὦν
1648 388 1717 445 σύ
1741 389 1875 464 ὁρᾷς

205 470 402 527 αὐτίκα
425 471 573 542 μάλα
593 474 711 526 δεῖν
729 470 1023 538 τεθνάναι,
1061 470 1313 541 τεθνήξει
1341 464 1506 536 οὗτος
1529 469 1596 527 ὃν
1625 468 1696 527 ἂν
1717 473 1847 544 δόξῃ
1862 495 1872 505 ·

205 551 311 607 κᾶν
340 574 463 608 τινα
497 553 627 624 δόξῃ
658 574 752 623 μοι
782 558 877 622 τῆς
905 558 1147 623 κεφαλῆς
1177 551 1363 607 αὐτῶν
1390 555 1711 623 κατεαγέναι
1741 559 1873 625 δεῖν,

205 631 485 706 κατεαγιὸς
515 639 665 690 ἔσται
695 632 891 689 αὐτίκα
910 635 1084 706 μάλα,
1104 631 1212 690 κᾶν
1236 635 1533 706 θοιμάτιον
1552 639 1874 706 διεσχίσθαι,
1943 655 1945 658 ·

141 729 174 770 E
207 719 584 788 διεσχισμένον
613 721 784 772 ἔσται·
823 715 969 771 οὕτω
999 723 1136 787 μέγα
1164 715 1269 786 ἐγώ
1303 717 1543 787 δύναμαι
1566 719 1627 771 έν
1654 720 1782 788 τῇδε
1810 723 1876 790 τῇ

206 797 388 855 πόλει·
411 804 461 855 εἰ
477 791 583 854 οὖν
603 795 931 854 ἀπιστοῦντί
944 815 1032 854 σοι
1052 802 1283 869 δείξαιμι
1299 797 1360 854 τὸ
1383 801 1724 869 ἐγχειρίδιον,
1747 806 1876 863 ἴσως

209 875 281 934 ἂν
302 888 473 944 εἴποις
493 878 628 935 ἰδών
648 877 733 933 ὅτι
754 872 799 934 ὦ
819 878 1128 950 Σώκρατες,
1151 876 1297 945 οὕτω
1317 878 1419 948 μὲν
1435 878 1634 944 πάντες
1650 875 1723 935 ἄν
1741 881 1878 949 μέγα

211 960 500 1031 δύναιντο,
544 962 660 1016 ἐπεὶ
690 957 797 1016 κᾶν
827 964 1163 1032 ἐμπρησθείη
1195 965 1340 1016 οἰκία
1369 961 1546 1035 τούτῳ
1575 968 1651 1035 τῷ
1689 961 1878 1034 τρόπῳ

207 1041 405 1114 ἥντινά
429 1059 515 1097 σοι
531 1046 700 1111 δοκοῖ,
721 1044 811 1098 καὶ
832 1043 899 1097 τά
919 1065 979 1112 γε
992 1041 1304 1113 Ἀθηναίων
1324 1043 1525 1111 νεώρια
1544 1045 1634 1099 καὶ
1650 1046 1709 1098 αἰ
1723 1043 1880 1113 τριήὲ

209 1146 321 1194 ρεις
348 1126 439 1180 καὶ
467 1122 534 1179 τὰ
562 1131 723 1180 πλοῖα
753 1124 932 1179 πάντα
952 1123 1127 1180 καὶτὰ
1148 1124 1382 1196 δημόσια
1401 1126 1493 1181 καὶ
1511 1122 1577 1180 τά
1598 1130 1707 1181 ἴδια
1721 1147 1731 1157 ·
1754 1123 1874 1180 ἀλλ’

211 1204 314 1262 οὐκ
334 1205 444 1277 ἄρα
462 1203 611 1262 τοῦτ’
635 1210 746 1261 ἔστι
764 1205 824 1262 τὸ
854 1210 992 1277 μέγα
1020 1206 1326 1277 δύνασθαι,
1366 1204 1427 1262 τὸ
1468 1218 1646 1262 ποιεῖν
1671 1203 1706 1262 ἃ
1732 1210 1882 1262 δοκεῖ

210 1286 384 1362 αὐτῷ·
406 1283 442 1358 ἢ
464 1291 617 1343 δοκεῖ
632 1306 746 1354 σοι,

351 1375 528 1425 ΠΩΛ.
587 1366 672 1426 Ού
698 1374 833 1441 δῆτα
854 1368 1002 1426 οὕτω
1021 1391 1100 1442 γε.

93 1465 182 1513 470
351 1457 475 1507 252.
523 1450 694 1522 Ἔχεις
722 1446 827 1506 οὖν
858 1456 1029 1507 εἰπεῖν
1061 1450 1136 1507 δι’
1159 1450 1191 1505 ὅ
1211 1473 1260 1506 τι
1279 1454 1481 1522 μέμφει
1499 1451 1600 1523 τὴν
1619 1452 1880 1523 τοιαύτην

210 1533 475 1604 δύναμιν;

347 1621 524 1673 ΠΩΛ.
567 1614 790 1686 ’Έγωγε

349 1703 474 1753 ΣΩ.
532 1702 600 1752 Τί
615 1696 681 1768 δή
695 1722 707 1762 3
730 1700 866 1767 λέγε.

349 1783 529 1833 ΠῼΛ.
574 1776 692 1833 Ὅτι
712 1777 1017 1849 ἀναγκαῖον
1037 1777 1140 1834 τὸν
1159 1779 1306 1834 οὕτω
1326 1780 1639 1850 πράττοντα
1659 1785 1883 1852 ζημιοῦ-

215 1865 354 1916 σθαί
370 1863 533 1915 ἐστιν.

354 1948 477 1999 ΣΩ.
538 1940 612 1997 Τὸ
638 1941 697 1998 δὲ
713 1946 1045 2013 ζημιοῦσθαι
1064 1941 1132 1998 οὐ
1152 1941 1353 2007 κακόν;

355 2031 531 2081 ΠΩΛ.
587 2024 752 2080 Πάνυ
770 2046 847 2094 γε.

354 2115 480 2165 ΣΩ.
540 2105 784 2177 Οὐκοῦν,
809 2101 853 2163 ὦ
871 2109 1168 2180 θαυμάσιε,
1185 2107 1245 2163 τὸ
1262 2111 1400 2179 μέγα
1417 2106 1699 2163 δύνασθαι
1718 2107 1884 2162 πάλιν

212 2186 285 2246 αὖ
322 2210 408 2247 σοι
445 2197 724 2261 φαίνεται,
759 2188 859 2246 ἐὰν
886 2189 988 2261 μὲν
1018 2190 1312 2262 πράττοντι
1338 2187 1374 2245 ἃ
1411 2193 1563 2244 δοκεῖ
1595 2191 1786 2260 ἕπηται
1820 2187 1881 2243 τὸ

213 2271 501 2344 ὠφελίμως
519 2272 805 2343 πράττειν,
836 2270 1057 2343 ἀγαθόν
1075 2294 1133 2328 τε
1154 2271 1319 2342 εἶναι,
1351 2273 1442 2326 καὶ
1460 2276 1650 2338 τοῦτο,
1680 2268 1752 2333 ὡς
1773 2272 1882 2323 ἔοι-

211 2377 337 2424 κεν,
369 2356 481 2412 ἐστὶ
498 2352 559 2411 τὸ
582 2356 720 2426 μέγα
740 2353 1044 2409 δύνασθαι·
1066 2355 1190 2410 εἰδὲ
1210 2353 1312 2424 μή,
1342 2352 1518 2408 κακόν
1537 2351 1627 2406 καὶ
1648 2346 1881 2420 σμικρὰν

148 2452 179 2492 Β
213 2437 493 2493 δύνασθαι
507 2460 521 2504 ;
542 2436 876 2507 σκεψώμεθα
891 2435 949 2491 δὲ
968 2437 1057 2491 καὶ
1069 2436 1195 2491 τόδε
1211 2456 1222 2467 ·
1245 2434 1379 2490 ἄλλο
1392 2426 1490 2503 τιῆ
1501 2429 1882 2502 ὁμολογοῦμεν

212 2521 383 2573 ε’νίοτε
415 2518 518 2588 μὲν
540 2515 771 2588 ἄμεινον
790 2515 929 2571 εἶναι
947 2521 1120 2571 ταῦτα
1140 2527 1318 2570 ποιεῖν
1338 2513 1375 2570 ἃ
1393 2519 1502 2570 νῦν
1521 2511 1586 2582 δὴ
1608 2512 1882 2581 ἐλέγομεν,

212 2597 611 2653 ἀποκτιννύναι
631 2619 687 2652 τε
709 2598 798 2652 καὶ
827 2596 1139 2662 ἐξελαύνειν
1158 2593 1189 2650 οῗ
1202 2595 1498 2667 νθρεόπους
1516 2594 1606 2647 καὶ
1627 2589 1879 2661 ἀφαιρεῖ-

211 2687 347 2735 σθαι
363 2679 638 2750 χρήματα,
669 2681 841 2733 ε’νίοτε
861 2676 919 2732 δὲ
938 2676 1034 2742 οὕ;

352 2764 526 2817 ΠΩΛ.
579 2759 746 2814 Πάνυ
765 2780 841 2829 γε.
