1994 3100
22 0 791 38 ,ωφιᾞἻἸΨὟ-’ξῇῃῆῑςι-τᾱῆπ
816 0 849 23 ‚r
871 0 1035 23 τῖ’-’Ἶ-
1087 3 1090 6 ’

26 43 39 60 a
486 39 491 43 .

660 147 1128 197 ΧΑΡΜΙΔΗΣ.
1704 145 1736 196 3

55 308 208 342 νεται
228 282 257 340 ὅ
279 290 589 353 νεανίσκος,
627 288 760 354 ἔφη,
794 275 842 336 ὦ
863 281 1184 348 Σώκρατεςς
1217 277 1318 336 οὐκ
1338 278 1734 351 εὐπρόσωπος;

53 363 397 440 Ὑπερφυῶς,
419 359 494 438 ἦν
513 364 564 421 δ’
585 366 705 436 ἐγώ.
749 356 931 430 Οὗτος
948 365 1162 434 μέντοι,
1182 366 1304 434 ἔφη,
1327 366 1377 418 εἰ
1392 364 1576 419 ἐθέλοι
1596 361 1738 419 ἀπο-

55 455 248 522 δῦναι,
290 449 434 515 δόξει
463 467 546 503 σοι
577 447 911 516 ἀπρόσωπος
940 445 1102 502 εἶναι·
1142 443 1320 510 οὕτως
1348 444 1409 500 τὸ
1434 444 1576 511 εἶδος
1595 446 1740 516 πάγ-

54 533 223 597 καλός
258 534 420 588 ἐστιν.
476 531 821 600 Συνέφασαν
841 521 947 582 οὖν
974 529 1065 584 καὶ
1102 530 1160 584 οἰ
1192 526 1351 584 ἄλλοι
1369 525 1543 583 ταύτὰ
1565 533 1738 583 ταῦτα

53 621 132 688 τῷ
157 619 535 684 Χαιρεφῶντι·
576 610 754 682 κάγώ,
781 609 1093 681 Ἡράκλεις,
1128 614 1297 682 ἔφην,
1320 608 1394 674 ὠς
1413 609 1628 682 ἄμαχον
1648 613 1738 666 λέ-

52 719 176 770 γετε
195 695 295 753 τὸν
315 696 520 764 ἄνδρα,
544 699 594 750 εί
610 701 689 750 ἔτι
722 691 875 767 αὐτῷ
903 696 966 748 ἓν
995 693 1061 764 δὴ
1083 693 1262 764 μόνον
1283 693 1546 764 τυγχάνει
1563 713 1703 763 προς

53 778 126 836 ὀν
161 779 399 850 σμικρόν
424 800 490 833 τι.
543 783 635 844 Τί;
655 781 762 847 ἔφη
784 773 813 830 ὁ
839 780 1080 846 Κριτίας.
1138 779 1211 830 Εἰ
1224 773 1328 846 τὴν
1346 774 1556 846 ψυχήν,
1590 769 1664 847 ἦν
1684 772 1733 830 6²

52 862 192 933 ἐγώ,
229 859 490 932 τυγχάνει
518 854 584 914 εὖ
613 858 894 928 πεφυκώς,
953 861 1148 927 πρέπει
1181 859 1246 913 δέ
1269 878 1409 929 που,
1448 852 1494 912 03
1521 863 1736 927 Κριτία,
1786 869 1818 910 Ε

52 949 312 1000 τοιοῦτον
342 940 519 997 αὐτὸν
549 940 686 996 εἶναι
706 948 803 1012 τῆς
819 962 884 1011 γε
903 938 1169 1011 ὑμετέρας
1197 938 1334 995 ὄντα
1353 944 1542 1004 οἰκίας.
1581 938 1737 1011 Ἀλλ’,

54 1031 187 1097 ἔφη,
226 1024 379 1080 πάνυ
414 1024 582 1088 καλὸς
618 1025 708 1078 καὶ
746 1021 963 1093 ἀγαθός
1000 1024 1113 1078 ἐστι
1148 1023 1240 1078 καὶ
1270 1029 1457 1078 ταῦτα.
1524 1027 1593 1077 Τί
1615 1016 1738 1094 οὖν,

52 1112 214 1178 ἔφην,
235 1103 340 1162 οὐκ
359 1104 714 1175 ἀπεδύσαμεν
733 1102 910 1159 αὐτοῦ
928 1101 1063 1159 αὐτὸ
1085 1111 1248 1159 τοῦτο
1269 1106 1360 1160 καὶ
1379 1103 1739 1175 ἐθεασάμεθα

25 1238 28 1242 .
50 1189 327 1258 πρότερον
343 1195 446 1244 τοῦ
465 1191 674 1254 εἴδουςς
704 1187 924 1252 πάντως
942 1187 1049 1257 γάρ
1067 1207 1178 1242 που
1192 1193 1513 1259 τηλικοῦτος
1535 1183 1616 1243 ὢν
1633 1186 1739 1260 ἤδη

55 1275 236 1330 ἐθέλει
254 1273 624 1342 διαλέγεσθαι.
663 1270 774 1325 Καὶ
793 1269 943 1325 πάνυ
961 1292 1052 1341 γε,
1075 1274 1179 1341 ἔφη
1201 1267 1227 1325 ὁ
1249 1276 1494 1342 Κριτίας,
1518 1273 1638 1327 έπεί
1654 1292 1738 1326 τοι

50 1357 143 1412 καὶ
162 1359 275 1411 ἔστι
296 1352 607 1425 φιλόσοφός
636 1375 694 1408 τε
715 1360 833 1423 καί,
876 1350 947 1418 ὡς
967 1356 1123 1409 δοκεῖ
1145 1353 1334 1419 ἄλλοις
1352 1375 1410 1409 τε
1429 1354 1521 1410 καὶ
1541 1355 1736 1425 ἑαυτῷ,
1770 1367 1860 1418 1550.

25 1436 203 1492 τπάνυ
220 1434 514 1506 ποιητικός.
569 1440 746 1490 Τοῦτο
776 1437 904 1506 μέν,
941 1427 1014 1505 ἦν
1043 1434 1095 1490 δ’
1121 1436 1256 1507 ἐγώ,
1298 1430 1342 1491 ὦ
1375 1442 1501 1506 φίλε
1519 1441 1735 1506 Κριτία,

49 1518 353 1588 πόρρωθεν
370 1516 504 1588 ὑμῖν
521 1515 582 1573 τὸ
606 1516 781 1573 καλὸν
799 1517 1035 1588 ὑπάρχει
1064 1516 1170 1573 ἀπὸ
1193 1526 1288 1589 τῆς
1311 1519 1578 1583 Σόλωνος
1598 1534 1739 1590 συγ-

26 1631 29 1635 ·
50 1606 279 1674 γενείας.
338 1598 477 1656 ἀλλά
499 1605 556 1655 τί
578 1597 680 1655 οὐκ
711 1602 987 1665 ἐπέδειξάς
1013 1622 1107 1670 μοι
1134 1598 1235 1654 τὸν
1258 1606 1487 1674 νεανίαν
1503 1603 1738 1665 καλέσας

53 1687 250 1752 δεῦρο;
313 1681 442 1738 οὐδὲ
460 1679 567 1752 γὰρ
609 1682 682 1737 ἄν
706 1702 816 1737 που
853 1686 902 1738 εἰ
933 1682 1197 1752 ἐτύγχανε
1230 1681 1498 1750 νεώτερος
1533 1681 1628 1754 ὤν,
1651 1687 1741 1738 αἰ-

23 1797 26 1809 ,
54 1763 228 1838 σχρόν
242 1762 316 1821 ἂν
331 1758 406 1836 ἦν
423 1762 573 1837 αὐτῷ
597 1766 951 1834 διαλέγεσθαι
971 1762 1105 1835 ἡμῖν
1126 1767 1381 1820 ἐναντίον
1397 1786 1460 1835 γε
1481 1770 1602 1835 σοῦ,
1618 1766 1739 1820 ἐπι-

48 1849 264 1918 τρόπου
279 1869 338 1903 τε
358 1846 471 1918 ἅμα
491 1849 582 1902 καὶ
601 1846 838 1913 ἀνεψιοῦ
854 1845 1029 1912 ὄντος.
1067 1844 1227 1902 Ἀλλά
1247 1853 1456 1917 καλῶς,
1473 1895 1476 1898 .
1491 1851 1596 1918 ἔφη
1611 1889 1625 1916 ,
1647 1850 1735 1902 λέ-

47 1951 191 2002 γεις,
212 1932 303 1986 καὶ
322 1935 604 2000 καλοῦμεν
623 1926 814 1985 αὐτόν.
862 1931 953 1985 καὶ
980 1928 1094 1999 ἅμα
1114 1928 1251 1998 πρὸς
1271 1926 1371 1984 τόν
1390 1927 1731 2000 ἀκόλουθον,

49 2017 187 2081 Παϊ,
230 2015 363 2083 ἔφη,
403 2011 558 2067 κάλει
582 2015 899 2082 Χαρμίδην,
939 2010 1113 2068 εἰπών
1142 2010 1227 2067 ὅτι
1254 2010 1528 2083 βούλομαι
1557 2010 1731 2067 αὐτὸν
1791 2032 1822 2072 B

30 2097 219 2168 ’ἰατρῷ
254 2101 523 2166 συστῆσαι
558 2095 682 2163 περὶ
718 2101 814 2166 τῆς
850 2093 1144 2160 ἀσθενείας
1180 2088 1247 2165 ἧς
1278 2094 1474 2166 πρώην
1501 2094 1639 2165 πρός
1665 2117 1733 2166 με

51 2180 238 2246 ἔλεγεν
256 2174 342 2231 ὅτι
360 2175 607 2232 ἀσθενοτ.
638 2175 779 2246 πρὸς
798 2171 904 2232 οὖν
922 2178 1015 2249 ἐμὲ
1034 2177 1063 2233 ὁ
1086 2182 1337 2248 Κριτίας,
1362 2176 1632 2248 ’Ἐναγχός
1650 2199 1735 2232 τοι

27 2262 158 2330 ’ἔφη
177 2257 531 2330 βαρύνεσθαί
544 2281 596 2315 τι
617 2257 722 2331 τὴν
739 2260 989 2331 κεφαλὴν
1008 2261 1192 2315 ἕωθεν
1208 2257 1571 2330 ἀνιστάμενος
1588 2281 1599 2291 ·
1635 2257 1735 2315 ἀλ-

0 2369 3 2381 ·
46 2339 116 2397 λά
138 2346 195 2396 τί
210 2357 271 2396 σε
302 2341 506 2397 κωλύει
526 2341 1018 2413 προσποιήσασθαι
1036 2339 1176 2412 πρὸς
1205 2339 1379 2398 αὐτὸν
1400 2344 1736 2398 ἐπίστασθαί

45 2443 98 2480 τι
115 2431 361 2495 κεφαλῆς
382 2424 710 2495 φάρμακον;
752 2420 955 2496 Οὐδέν,
976 2419 1049 2497 ἦν
1069 2423 1119 2480 δ’
1144 2424 1251 2495 ἐγώ
1265 2446 1276 2456 ·
1307 2424 1484 2495 μόνον
1505 2425 1727 2480 ἐλθέτω.

0 2515 1 2518 ’
42 2501 176 2563 ’Au’
195 2504 339 2578 ἥξει,
362 2513 482 2578 ἔφη.

186 2594 271 2645 IV.
334 2586 399 2646 “0
432 2582 538 2645 οὖν
566 2592 658 2646 καὶ
691 2594 920 2661 ἐγένετο.
977 2583 1078 2662 ἧκε
1107 2590 1242 2661 γάρ,
1283 2591 1374 2645 καὶ
1395 2593 1615 2660 ἐποίησε
1636 2591 1731 2660 γέ-

157 2693 191 2727 α
214 2672 396 2728 πολύν
412 2694 423 2704 ·
464 2674 692 2738 ἕκαστος
711 2671 818 2744 γὰρ
846 2670 1006 2744 ἡμῶν
1023 2678 1139 2728 τῶν
1157 2674 1496 2743 καθημένων
1516 2676 1728 2742 ξυγχω-
1774 2681 1804 2723 C

0 2810 4 2814 ,
30 2757 164 2821 ὶρῶν
178 2750 279 2809 τὸν
298 2758 535 2825 πλησίον
558 2751 696 2810 ὤθει
715 2758 959 2829 σπουδῇ,
990 2758 1083 2812 ἵνα
1104 2753 1224 2823 παρ’
1250 2752 1400 2828 αὐτῷ
1421 2755 1726 2824 καθέζοιτο,

0 2862 15 2880 ν
32 2834 146 2899 ’ἔως
164 2841 277 2891 τῶν
299 2833 377 2890 ἐπ’
400 2835 606 2909 ἐσχάτῳ
626 2841 961 2909 καθημένων
977 2837 1075 2894 τόν
1090 2837 1194 2908 μὲν
1210 2834 1607 2943 ἀνεστήσαμεν,
1628 2834 1728 2893 τὸν

1414 2922 1427 2962 l
