1994 3100
177 113 244 166 16
382 171 391 173 ,
778 119 1261 169 ΠΛΑΤΩΝΟΣ

181 243 225 304 ‹5'
245 248 567 320 Σώκρατες,
599 258 772 307 ταῦτα
791 252 971 307 πάντα
985 295 998 321 ,
1028 250 1148 308 τόδ’
1169 257 1304 310 ἐστί·
1325 253 1391 310 τὰ
1411 254 1512 326 μὲν
1534 259 1854 327 ἔμπροσθέν

115 343 150 385 Β
182 349 270 387 σοι
299 332 479 387 πάντα
497 331 695 404 ἀφίημι
709 357 720 366 ·
765 342 896 399 ἰ’σως
916 334 1018 405 μὲν
1035 335 1142 406 γάρ
1164 358 1216 390 τι
1235 334 1305 391 σὺ
1325 340 1505 408 ἔλεγες
1524 340 1647 407 περὶ
1668 334 1856 393 αὐτῶν
1918 390 1922 392 .

179 411 516 486 ὀρθότερον,
558 423 689 480 ἴσως
728 413 780 471 δ’
821 417 928 486 ἐγω’
940 459 955 486 ,
996 417 1166 489 σαφὲς
1193 415 1243 472 δ’
1284 416 1450 474 οὐδὲν
1477 419 1627 475 πάνυ
1664 412 1738 490 ἦν
1775 412 1855 474 ὦν

177 496 459 566 ἐλέγομεν·
497 503 605 552 νῦν
648 496 699 552 δ’
731 499 904 553 ἐθέλω
945 499 1149 555 τούτου
1187 517 1274 556 σοι
1318 500 1534 556 διδόναι
1573 501 1768 571 λόγον,
1809 502 1858 554 εἰ
1979 531 1987 572 3

177 576 249 648 μὴ
290 575 575 649 ὁμολογεῖς
613 580 991 653 σωφροσύνην
1027 581 1167 638 εἶναι
1212 580 1273 637 τό
1313 582 1644 653 γιγνώσκειν
1681 579 1856 637 αὐτὸν

178 680 391 714 εαυτον.

315 746 445 795 XIII.
509 740 664 813 Ἀλλ’,
686 736 758 813 ἦν
779 740 830 797 δ’
854 742 977 814 ἐγώ,
1001 736 1045 798 ὦ
1061 748 1276 815 Κριτία,
1299 745 1369 799 σύ
1389 746 1490 815 μὲν
1513 742 1584 810 ὡς
1605 744 1854 815 φάσκον-

176 845 266 887 τος
288 826 425 895 ἐμοῦ
445 826 665 896 εἰδέναι,
691 826 814 893 περὶ
837 818 882 879 οἷ
889 848 920 880 ν
939 828 1121 893 ἐρωτῶ
1136 867 1150 894 ,
1172 829 1476 897 προσφέρει
1494 827 1630 897 πρός
1649 847 1715 897 με
1729 867 1742 893 ,
1763 826 1854 881 καὶ

179 905 280 959 ἐὰν
313 903 379 976 δὴ
412 905 725 976 βούλωμαι,
765 904 1207 978 ὁμολογήσοντός
1236 923 1348 963 σοι·
1389 904 1450 962 τὸ
1483 905 1533 961 δ’
1557 903 1659 976 οὐχ
1679 904 1855 970 οὕτως

180 992 312 1058 ἔχει,
352 986 489 1043 ἀλλὰ
528 993 668 1059 ζητοῖ
696 987 803 1061 γὰρ
833 989 967 1060 μετὰ
998 997 1104 1045 σοῦ
1132 987 1218 1046 ἀεὶ
1245 989 1306 1045 τὸ
1340 989 1745 1062 προτυθέμενον
1765 987 1854 1043 διὰ

117 1081 150 1123 C
181 1068 240 1124 τὸ
272 1068 344 1140 μὴ
375 1068 541 1135 αὐτὸς
573 1073 801 1127 εἰδέναι·
842 1072 1187 1143 σκεψάμενος
1217 1066 1322 1127 οὖν
1351 1074 1526 1127 ἐθέλω
1557 1076 1730 1127 εἰπεῖν
1749 1077 1854 1125 εἴτε

177 1150 431 1222 ὁμολογω
452 1160 558 1209 εἴτε
580 1153 671 1225 μή.
695 1151 818 1210 ἀλλ’
841 1157 1052 1225 ἐπίσχες
1071 1155 1182 1258 {Isos
1190 1177 1263 1210 αν
1293 1155 1589 1226 σκέψωμαι.
1643 1151 1855 1208 Σκόπει

178 1234 275 1305 δή,
311 1236 345 1305 ἡ
368 1232 419 1289 δ’
453 1234 526 1299 ός.
599 1238 708 1291 Και
728 1258 863 1307 γαρ,
900 1231 1051 1308 ἦνδ’
1075 1236 1206 1308 ἐγώ,
1246 1243 1449 1293 σκοπω.
1490 1241 1540 1291 εἰ
1556 1233 1661 1307 γὰρ
1683 1234 1749 1305 δὴ
1769 1255 1856 1304 γι-

176 1317 450 1387 γνεόσκειν
480 1321 548 1388 γέ
571 1325 627 1374 τί
658 1322 807 1375 ἐστιν
837 1317 869 1390 ἡ
893 1319 1258 1390 σωφροσύνη,
1302 1318 1512 1390 δῆλον
1491 1318 1574 1374 ότι
1592 1317 1854 1389 ἐπιστήμη

175 1422 256 1465 τις
275 1396 346 1455 ἀν
366 1408 447 1472 εἴη
468 1402 558 1456 καὶ
578 1401 751 1466 τινός·
782 1397 818 1472 ἢ
842 1400 936 1466 0v‘3
952 1400 1157 1473 ''E6nv,
1180 1406 1285 1473 ἔφη
1301 1444 1314 1470 ,
1336 1402 1538 1457 ἑαυτοῦ
1553 1422 1630 1472 γε.
1703 1398 1816 1456 Οὐκ

177 1487 282 1536 οῦν
328 1484 421 1537 καὶ
466 1483 706 1555 ἰατρική,
756 1488 924 1554 ἔφην,
979 1482 1247 1554 ἐπιστήμη
1285 1485 1397 1538 ἐστὶ
1441 1489 1543 1538 τοῦ
1577 1480 1855 1552 ὑγιεινοῦ;

176 1564 343 1619 Πάνυ
361 1585 436 1635 γε.
510 1569 583 1620 Εἰ
601 1571 795 1621 τοίνυν
813 1587 879 1637 με
893 1608 907 1636 ,
939 1569 1108 1637 ἔφην,
1141 1571 1286 1636 ἔροιο
1307 1565 1407 1636 σύ,
1446 1564 1660 1637 ἰατρικὴ
1681 1564 1855 1636 ὑγιει-

177 1652 283 1700 νοῦ
303 1645 571 1718 ἐπιστήμη
601 1640 740 1703 οὗσα
763 1655 817 1703 τί
842 1645 973 1719 ἡμῖν
992 1653 1223 1719 χρησίμη
1245 1648 1356 1703 ἐστὶ
1378 1647 1468 1703 καὶ
1487 1653 1543 1703 τί
1555 1645 1857 1718 ἀπεργάζε-

110 1743 146 1784 D
178 1750 280 1799 ται,
304 1725 506 1798 εἴποιμ’
528 1724 599 1783 ὅίν
619 1728 704 1785 ὅτι
723 1728 792 1785 οὐ
812 1730 1053 1800 σμικρὰν
1076 1728 1348 1801 ὠφέλειαν
1363 1751 1373 1761 ·
1395 1727 1500 1801 τὴν
1516 1728 1622 1800 γὰρ
1643 1726 1857 1800 ὑγίειαν

177 1808 353 1865 καλὸν
374 1808 506 1881 ἡμῖν
525 1814 691 1881 ἔργον
710 1810 1087 1882 ἀπεργάζεται,
1109 1815 1158 1868 εἰ
1173 1810 1426 1882 ἆποδέχει
1443 1817 1625 1867 τοῦτο.
1692 1810 1855 1866 Ἀπο-

180 1894 416 1962 δέχομαι.
493 1893 602 1947 Καὶ
635 1898 684 1948 εἰ
709 1899 901 1948 τοίνυν
928 1916 995 1964 με
1025 1898 1171 1964 ἔροιο
1191 1892 1294 1965 τὴν
1313 1893 1696 1965 οἰκοδομικήν,
1736 1896 1852 1949 ἐπι-

178 1973 390 2044 στήμην
422 1966 599 2029 οὖσαν
628 1980 731 2029 τοῦ
758 1978 1140 2046 οἰκοδομικοῦ,
1177 1980 1234 2030 τί
1258 1997 1399 2047 φημι
1426 1980 1590 2047 ἔργον
1611 1973 1856 2046 ἀπεργά-

179 2059 387 2126 ζεσθαι,
428 2053 630 2126 εἴποιμ’
654 2051 726 2111 ἂν
746 2054 831 2111 ὅτι
852 2056 1112 2127 οἰκήσεις·
1157 2054 1418 2122 ὡσαύτως
1439 2058 1497 2113 δὲ
1516 2059 1605 2112 καὶ
1624 2065 1736 2113 τῶν
1754 2055 1853 2112 ἄλ-

177 2143 294 2191 λων
313 2143 538 2206 τεχνῶν.
558 2135 661 2207 χρὴ
683 2132 790 2193 οὖν
804 2139 895 2194 καὶ
914 2137 974 2194 σὲ
994 2135 1132 2205 ὑπὲρ
1152 2144 1247 2208 τῆς
1261 2139 1648 2210 σωφροσύνης,
1670 2139 1852 2210 ἐπειδὴ

178 2216 287 2289 φῂς
306 2217 482 2289 αὐτὴν
514 2221 717 2275 ἑαυτοῦ
743 2220 1045 2292 ἐπιστήμην
1065 2218 1235 2291 εἶναι,
1278 2225 1421 2291 ἔχειν
1450 2225 1622 2277 εἰπεῖν
1651 2223 1856 2292 ἐρωτη-

177 2303 381 2370 θέντα,
404 2324 447 2356 ω
470 2307 683 2374 Κριτία,
708 2302 1076 2374 σωφροσύνη,
1110 2303 1377 2374 ἐπιστήμη
1397 2296 1538 2359 οὖσα
1557 2305 1785 2375 ἑαυτοῦ,
1805 2309 1859 2358 τί

177 2381 354 2438 καλὸν
381 2380 514 2454 ημῖν
545 2389 711 2454 ἔργον
742 2382 1100 2455 απεργοὶζεται
1129 2387 1220 2441 καὶ
1249 2384 1404 2451 ἄξιον
1431 2392 1534 2442 τοῦ
1553 2384 1853 2456 ὀνόματος;

112 2475 146 2518 Ε
178 2473 264 2521 ἴθι
286 2459 408 2535 οὖν,
431 2469 561 2521 εἰπέ.
612 2464 753 2522 ”AM
761 2509 776 2538 ,
800 2490 841 2522 ω
861 2467 1174 2537 Σώκρατες,
1196 2471 1319 2539 ἔφη,
1342 2465 1446 2523 οὐκ
1466 2463 1653 2539 ὄρθως
1669 2472 1850 2539 ζητεῖς.

176 2544 245 2601 οὐ
263 2569 371 2616 γαρ
394 2543 595 2618 ὁμοίως
615 2547 755 2619 αύτη
775 2551 988 2620 πέφυκε
1007 2561 1122 2615 ταῖς
1143 2550 1333 2615 ἄλλαις
1353 2550 1692 2622 ἐπιστήμαις,
1723 2550 1854 2607 ουδέ

174 2649 237 2698 γε
258 2631 318 2683 αἱ
330 2628 491 2685 α’λλαι
511 2629 797 2703 αλλήλαις*
835 2631 907 2686 σὺ
943 2629 994 2687 δ’
1031 2654 1104 2698 ως
1132 2631 1339 2703 ὁμοίων
1370 2630 1559 2687 οὐσῶν
1588 2631 1851 2703 ποιεῖτὴν

176 2709 410 2781 ζήτησιν.
441 2714 554 2768 ἐπεὶ
574 2715 697 2783 λέγε
716 2736 834 2784 μοι,
877 2718 983 2785 ἔφη
996 2757 1009 2784 ,
1050 2722 1146 2786 τῆς
1164 2720 1447 2786 λογιστική
1450 2737 1475 2779 ς
1495 2717 1684 2785 τέχνης
1702 2710 1737 2786 ἦ
1757 2721 1852 2786 τῆς

174 2800 539 2864 γεωμετρικῆς
569 2800 622 2849 τί
650 2798 763 2851 ἐστι
795 2802 1052 2852 τοιοῦτον
1077 2800 1242 2867 ἔργον
1264 2792 1384 2852 οἷον
1403 2801 1545 2853 οἰκία
1569 2800 1851 2868 οἰκοδομι-
