1962 3112
191 145 294 197 326
799 149 910 195 ΠΛ
922 150 970 195 Α
987 149 1088 196 ΤΩ
1101 151 1154 196 Ν
1165 142 1210 197 Ο
1219 152 1268 196 Σ
1622 152 1633 174 ’
1779 155 1863 200 128

194 286 294 334 τοῦ
333 279 481 348 ἑνός,
521 300 656 349 οπερ
695 282 829 348 φασὶ
864 301 993 344 τους
1017 286 1414 352 συντρίβοντας
1441 306 1492 336 τι
1525 281 1781 337 ἑκάστοτε
1812 284 1864 336 οἱ

196 361 552 432 σκώπτοντες,
576 359 688 417 ἀλλ’
711 362 874 426 εὀἱσας
893 360 1030 432 ὅλην
1042 363 1130 416 καὶ
1146 361 1276 433 ὑγιῆ
1298 362 1410 418 εἰπὲ
1429 368 1483 418 τί
1497 366 1643 419 ἐστιν
1663 361 1830 432 ἀρετή
1849 386 1852 390 ·

140 456 170 495 Β
196 441 261 497 τὰ
283 445 345 498 δέ
362 465 424 512 γε
444 448 853 515 παραδείγματα
873 444 1004 514 παρ’
1027 446 1164 514 ἐμοῦ
1184 451 1427 515 εἴληφας.

335 530 520 579 ΜΕΝ.
584 533 759 581 Δοκεῖ
774 532 964 581 τοίνυν
982 548 1092 596 μοι,
1115 520 1160 581 ὦ
1178 527 1498 598 Σώκρατες,
1521 525 1682 598 ἀρετὴ
1705 527 1862 596 εἶναι,

196 607 451 676 καθάπερ
483 605 511 660 ὁ
544 608 768 678 ποιητὴς
796 612 966 679 λέγει,
1007 614 1214 677 χαίρειν
1240 631 1298 663 τε
1329 617 1539 664 καλοῖσι
1568 611 1658 665 καὶ
1689 609 1857 664 δύνα·
1907 640 1911 645 ·

198 696 356 743 σθαι·
391 690 479 743 καὶ
506 687 607 758 ἐγω
640 696 802 745 τοῦτο
831 694 968 760 λέγω
991 689 1216 761 ἀρετήν,
1238 693 1615 761 ἐπιθυμοῦντα
1632 697 1742 746 τῶν
1762 713 1863 745 κα-

197 776 310 825 λῶν
331 768 571 825 δυνατὸν
591 769 728 826 εἶναι
748 777 1082 840 πορίζεσθαι.

336 857 457 907 ΣΩ.
505 846 637 921 Ἆρα
668 856 840 923 λέγεις
866 853 965 908 τὸν
984 862 1096 909 τῶν
1116 861 1302 910 καλῶν
1327 860 1705 925 ἐπιθυμοῦντα
1726 853 1862 924 ἀγα-

193 942 318 990 θῶν
338 935 683 1004 ἐπιθυμητὴν
704 934 870 1001 εἷναι;

330 1023 516 1072 ΜΕΝ.
578 1018 835 1072 Μάλιστά
855 1041 931 1088 γε.
1335 1089 1338 1091 Α

335 1103 458 1154 ΣΩ.
510 1093 642 1168 Ἄρα
665 1097 736 1163 ὡς
756 1098 935 1155 ὄντων
951 1108 1120 1155 τινῶν
1139 1107 1194 1156 οἳ
1218 1107 1330 1156 τῶν
1348 1108 1534 1156 κακῶν
1554 1104 1863 1170 ἐπιθυμοῦ-

138 1193 169 1235 G
199 1197 304 1250 σιν,
332 1182 531 1249 ἑτέρων
558 1182 616 1237 δὲ
646 1188 702 1236 οἳ
716 1188 827 1237 τῶν
848 1181 1109 1252 ἀγαθῶνς
1148 1182 1214 1238 οὐ
1234 1184 1461 1253 πάντες,
1506 1181 1727 1252 ἄριστε,
1768 1185 1864 1236 δο-

195 1270 360 1320 κοῦσί
375 1280 461 1319 σοι
480 1270 592 1319 τῶν
611 1263 842 1333 ἀγαθῶν
862 1267 1178 1336 ἐπιθυμεῖν;

333 1353 519 1402 ΜΕΝ.
578 1347 697 1402 Οὐκ
719 1351 912 1417 ἔμοιγε.

339 1435 462 1484 ΣΩ.
515 1428 676 1485 Ἀλλά
696 1452 840 1494 τινες
855 1437 968 1485 τῶν
986 1437 1199 1494 κακῶνς

336 1516 520 1565 ΜΕΝ.
574 1516 700 1565 Ναί.

337 1599 460 1648 ΣΩ.
521 1595 780 1664 Οἰόμενοι
809 1594 873 1648 τὰ
895 1593 1035 1648 κακοὶ
1060 1591 1246 1663 ἀγαθὰ
1279 1592 1442 1660 εἶναι,
1482 1592 1679 1659 λέγεις,
1717 1585 1857 1659 ἢκαὶ

198 1675 627 1745 γιγνώσκοντες,
649 1674 730 1730 ὅτι
751 1676 893 1731 κακά
914 1677 1075 1745 ἐστιν,
1094 1673 1240 1744 ὅμως
1258 1677 1632 1743 ἐπιθυμοῦσιν
1652 1669 1834 1726 αὐτῶν

335 1764 520 1813 ΜΕΝ.
570 1755 875 1827 Ἀμφότερα
894 1761 1074 1827 ἔμοιγε
1094 1761 1257 1811 δοκεῖ.

337 1845 460 1894 ΣΩ.
510 1833 583 1893 ³H
597 1839 700 1908 γὰρ
723 1842 878 1892 δοκεῖ
891 1843 969 1902 τίς
990 1854 1103 1908 σοι,
1135 1833 1180 1893 ὦ
1202 1842 1432 1908 Μένων,
1454 1835 1776 1906 γιγνώσκων
1795 1832 1859 1889 τὰ

198 1921 338 1977 κακὰ
361 1920 444 1976 ὅτι
464 1922 604 1977 κακά
626 1925 772 1975 ἐστιν
791 1920 938 1991 ὅμως
957 1924 1250 1989 ἐπιθυμεῖν
1269 1917 1480 1984 αύτῶν;

334 2009 520 2059 ΜΕΝ.
576 2003 849 2059 Μάλιστα.

337 2092 459 2142 ΣΩ.
523 2092 589 2142 Τί
604 2091 895 2157 ἐπιθυμεῖν
914 2089 1111 2155 λέγειςς
1147 2077 1184 2154 ἦ
1202 2086 1460 2152 γενέσθαι
1481 2079 1633 2151 αὐτῷ
1644 2105 1655 2144 ;

128 2185 162 2226 D
336 2176 522 2225 MEN.
578 2170 877 2225 Γενέσθαι·
897 2173 951 2223 τί
966 2188 1071 2238 γαρ
1092 2167 1252 2230 α’λλο;

338 2257 462 2307 ΣΩ.
516 2251 764 2353 Πότερον
792 2249 1097 2321 ἡγούμενος
1124 2271 1188 2303 τα
1215 2270 1355 2302 κακα
1388 2245 1621 2316 ὠφελεῖν
1650 2246 1861 2300 ἐκεῖνον

199 2328 241 2408 ᾧ
271 2332 342 2390 ἂν
371 2337 615 2405 γένηται,
655 2334 690 2404 ἢ
730 2333 1056 2404 γιγνώσκων
1084 2353 1148 2385 τα
1185 2353 1324 2385 κακα
1358 2327 1440 2384 ὅτι
1459 2329 1735 2400 βλαπτει
1717 2321 1762 2380 ὠ
1790 2323 1861 2380 οἶν

198 2424 371 2490 παθῇὅ

339 2504 524 2555 ΜΕΝ.
582 2499 703 2553 Εἰσὶ
724 2500 823 2568 μὲν
842 2502 896 2551 οἳ
910 2495 1210 2567 ἡγούμενοι
1231 2492 1296 2549 τὰ
1317 2493 1455 2548 κακοὶ
1478 2491 1738 2563 ὠφελεῖν,
1760 2492 1861 2546 εἰσὶ

199 2582 257 2638 δὲ
276 2583 367 2636 καὶ
387 2587 442 2635 οἳ
456 2579 855 2651 γιγνώσκοντες
875 2577 958 2633 ὅτι
977 2578 1214 2650 βλάπτει.

340 2669 463 2718 ΣΩ.
531 2657 603 2716 ςΗ
637 2665 725 2716 καὶ
762 2666 996 2716 δοκοῦσί
1029 2677 1115 2715 σοι
1144 2658 1472 2730 γιγνώσκειν
1500 2657 1565 2710 τὰ
1591 2655 1756 2724 κακά,
1779 2652 1861 2711 ὅτι

199 2745 341 2802 κακά
362 2749 532 2815 ἐστιν,
554 2747 611 2799 οἰ
624 2742 920 2815 ἡγούμενοι
938 2741 1002 2797 τὰ
1024 2740 1165 2797 κακὰ
1191 2738 1449 2809 εὖφελεῖνς

338 2833 523 2882 ΜΕΝ.
586 2823 670 2881 Οὐ
690 2825 838 2880 πάνυ
858 2848 948 2895 μοι
968 2829 1121 2879 δοκεῖ
1132 2822 1297 2878 τοῦτο’
1316 2842 1393 2891 γε.
