1962 3112
346 40 394 51 -ms-

193 103 329 156 344
548 114 555 116 ”
725 63 729 73 ’
836 70 1310 156 ΠΛΑΤΩΝΟΣ
1813 78 1895 161 14⁶

361 244 486 294 ΣΩ.
543 238 756 294 Σκόπει
786 237 883 308 δή,
921 235 1057 293 ὅταν
1085 245 1141 294 τί
1167 239 1401 296 ἑκάστου
1430 242 1646 297 τούτων
1681 240 1891 314 ἡγῆται,

224 317 431 390 σόφελεϊ
440 317 610 391 ἡμᾶς,
630 321 722 375 καὶ
743 319 880 374 ὅταν
897 325 976 389 τί,
996 321 1254 391 βλάπτεις
1293 316 1375 394 ἆρ’
1399 323 1500 394 οὐχ
1520 321 1656 378 ὅταν
1674 323 1775 394 μὲν
1796 322 1887 392 ὀρ-

219 401 297 474 θὴ
318 410 539 474 χρῆσις,
563 400 787 473 ὠφελεῖ,
814 400 951 457 ὅταν
972 401 1031 457 δὲ
1050 402 1153 474 μή,
1175 403 1432 474 βλάπτεις

358 490 545 539 ΜΕΝ.
585 484 753 539 Πάνυ
776 506 853 554 γε.

359 571 483 622 ΣιΩι.
526 566 645 622 ”En
663 571 858 621 τοίνυν
875 566 967 621 καὶ
985 564 1050 621 τὰ
1070 565 1207 622 κατὰ
1219 565 1323 638 τὴν
1340 566 1525 640 ψυχὴν
1540 569 1887 639 σκεψώμεθα.

220 648 597 719 σωφροσύνην
626 672 677 703 τι
699 656 883 713 καλεῖς
911 650 1001 704 καὶ
1022 650 1384 721 δικαιοσύνην
1404 652 1495 705 καὶ
1525 647 1783 719 ἀνδρείαν
1799 651 1890 705 καὶ

221 729 528 802 εὐμάθειαν
548 731 639 786 καὶ
671 731 896 802 μνήμην
921 734 1010 786 καὶ
1029 735 1505 802 μεγαλοπρέπειαν
1524 734 1614 788 καὶ
1633 731 1807 787 πάντα
1824 729 1891 786 τὰ

216 834 468 876 τοιαυτα;

155 903 189 947 Β
357 901 543 950 ΜΕΝ.
583 893 799 965 Ἔγωγε.

359 982 482 1031 ΣΩ.
522 977 733 1031 Σκόπει
754 977 850 1047 δή,
890 976 1105 1032 τούτων
1125 975 1259 1031 ἅττα
1287 995 1374 1032 σοι
1394 981 1547 1033 δοκεῖ
1567 976 1639 1048 μὴ
1672 978 1892 1049 ἐπιστή-

217 1082 289 1130 μη
312 1058 450 1114 εἶναι
478 1056 591 1113 ἀλλ’
612 1055 748 1113 ἄλλο
779 1059 1101 1131 ἐπιστήμης,
1137 1064 1187 1115 εί
1214 1058 1335 1131 οὐχὶ
1369 1061 1488 1115 τοτὲ
1517 1059 1618 1130 μὲν
1643 1059 1891 1131 βλάπτει,

218 1143 339 1196 τοτὲ
358 1143 418 1195 δὲ
439 1138 662 1210 ὠφελεῖ;
701 1136 822 1196 οἷον
841 1138 1095 1212 ἀνδρεία,
1129 1147 1178 1196 εί
1199 1141 1270 1212 μὴ
1294 1146 1405 1197 ἔστι
1436 1141 1707 1212 φρόνησις
1735 1138 1768 1212 ἡ
1789 1139 1891 1195 άν-

219 1225 372 1291 δρεία
391 1219 507 1276 ἀλλ’
532 1218 653 1276 οἷον
672 1222 884 1292 θάρρος
902 1244 977 1278 τι·
1016 1222 1135 1294 οὐχὶ
1155 1223 1288 1279 ὅταν
1306 1226 1407 1294 μὲν
1426 1222 1562 1278 ἄνευ
1581 1229 1686 1277 νοῦ
1703 1229 1891 1293 θαρρῇ

216 1302 544 1374 ἅνθρωπος,
566 1303 888 1376 βλάπτεται,
913 1303 1047 1360 ὅταν
1069 1310 1128 1362 δὲ
1148 1306 1255 1361 σὺν
1273 1312 1353 1380 νῷ
1367 1348 1381 1376 ,
1405 1303 1721 1376 ὥφελεῖται;

357 1392 542 1442 ΜΕΝ.
595 1393 723 1442 Ναί.

359 1474 483 1524 ΣΩ.
538 1467 766 1524 Οὐκοῦν
796 1471 887 1525 καὶ
917 1472 1254 1541 σωφροσύνη
1297 1467 1556 1533 ὡσαύτως
1592 1471 1682 1523 καὶ
1720 1466 1890 1540 εὐμα-

213 1556 366 1607 θεία·
406 1550 540 1621 μετὰ
562 1554 663 1622 μὲν
683 1557 787 1607 νοῦ
817 1553 908 1607 καὶ
937 1552 1338 1623 μανθανόμενα
1364 1552 1455 1607 καὶ
1474 1551 1891 1621 καταρτυόμενα

219 1631 496 1704 ὠφέλιμα,
519 1632 656 1688 ἄνευ
677 1634 737 1689 δὲ
755 1640 860 1707 νοῦ
880 1635 1157 1707 βλαβεράς

153 1719 186 1765 G
355 1722 542 1771 MEN.
582 1716 746 1771 Πάνυ
767 1718 1005 1788 σφόδρα.

354 1803 478 1853 ΣΩ.
518 1795 747 1852 Οὐκοῦν
767 1800 1085 1870 συλλήβδην
1105 1798 1282 1852 πάντα
1299 1795 1364 1852 τὰ
1384 1803 1479 1868 τῆς
1498 1804 1674 1868 ψυχῆς
1693 1800 1890 1868 ἐπιχει-

215 1879 430 1950 ρήματα
460 1881 551 1934 καὶ
571 1881 954 1951 καρτερήματα
986 1880 1298 1951 ἡγουμένης
1329 1879 1430 1949 μὲν
1464 1879 1789 1949 φρονήσεως
1815 1884 1891 1944 εἰς

215 1961 576 2032 εὐδαιμονίαν
595 1969 848 2036 τελευτᾷ,
871 1961 1198 2034 ἀφροσύνης
1219 1959 1273 2016 δ’
1295 1966 1370 2026 εἰς
1389 1959 1746 2028 τούναντίον;

353 2049 541 2100 ΜΕΝ.
583 2042 814 2099 ’Ἑοικεν

352 2131 478 2182 ΣΩ.
531 2130 603 2181 Εἰ
618 2125 725 2196 ἄρα
746 2125 909 2198 άρετὴ
931 2134 1042 2183 τῶν
1061 2130 1122 2183 ἐν
1140 2134 1209 2199 τῇ
1235 2131 1383 2198 ψυχῇ
1404 2131 1460 2182 τί
1474 2131 1585 2181 ἐστι
1602 2129 1694 2181 καὶ
1713 2124 1888 2196 ἄναγ-

210 2221 372 2266 καῖον
391 2207 541 2280 αὐτῷ
563 2207 819 2283 ὠφελίμῳ
841 2208 997 2280 εἶναι,
1013 2210 1288 2281 φρόνησιν
1307 2206 1442 2264 αὐτὸ
1465 2212 1554 2264 δεῖ
1564 2206 1721 2279 εἶναι,
1739 2210 1890 2263 ἐπει-

213 2292 386 2391 δηπερ
426 2291 606 2346 πάντα
644 2289 710 2345 τὰ
750 2289 888 2346 κατὰ
922 2289 1026 2362 τὴν
1062 2291 1246 2363 ψυχὴν
1282 2288 1422 2346 αὐτὰ
1462 2290 1564 2362 μὲν
1598 2288 1724 2346 καθ’
1747 2288 1886 2345 αὑτοὶ

212 2373 340 2429 οὔτε
361 2371 609 2444 ωφέλιμα
631 2372 758 2428 οὔτε
777 2374 1022 2444 βλαβερά
1045 2378 1156 2429 ἐστι
1169 2374 1644 2444 ,προσγενομένης
1664 2373 1724 2428 δὲ
1744 2393 1888 2443 φρο-

144 2457 182 2502 Ῑ)
212 2456 426 2527 νήσεως
454 2451 491 2526 ἢ
517 2453 843 2526 ἀφροσύνης
870 2456 1115 2527 βλαβερά
1147 2478 1205 2510 τε
1235 2457 1326 2511 καὶ
1347 2453 1596 2525 ωφέλιμα
1625 2459 1882 2525 γίγνεται.

214 2560 351 2592 κατα
375 2536 441 2607 δὴ
462 2544 665 2592 τοῦτον
693 2535 793 2592 τὸν
813 2538 983 2608 λόγον
1014 2536 1295 2610 ωφέλιμόν
1322 2560 1384 2607 γε
1413 2530 1593 2593 οὖσαν
1623 2533 1726 2606 τὴν
1754 2534 1886 2607 ἀρε-

209 2641 313 2690 την
334 2618 610 2689 φρόνησιν
629 2623 718 2673 δεῖ
728 2617 822 2673 τιν’
849 2618 1002 2674 εἶναι.

352 2705 539 2756 MEN.
580 2700 800 2771 ’Έμοιγε
821 2705 984 2756 δοκεῖ.

353 2788 513 2840 xxv.
590 2788 714 2838 2:⁸52.
754 2785 862 2838 Καὶ
880 2786 982 2854 μὲν
1006 2782 1072 2856 δὴ
1094 2785 1186 2840 καὶ
1204 2776 1402 2855 τᾶλλα,
1426 2779 1462 2838 ἃ
1480 2789 1587 2838 νῦν
1610 2780 1675 2855 δὴ
1698 2784 1880 2854 ἐλέγε-
