<?xml version="1.0" encoding="UTF-8"?>
<!DOCTYPE html PUBLIC "-//W3C//DTD XHTML 1.0 Transitional//EN"
    "http://www.w3.org/TR/xhtml1/DTD/xhtml1-transitional.dtd">
<html xmlns="http://www.w3.org/1999/xhtml" xml:lang="en" lang="en">
 <head>
  <title>
</title>
<meta http-equiv="Content-Type" content="text/html;charset=utf-8" />
  <meta name='ocr-system' content='tesseract 3.04.00' />
  <meta name='ocr-capabilities' content='ocr_page ocr_carea ocr_par ocr_line ocrx_word'/>
</head>
<body>
  <div class='ocr_page' id='page_1' title='image "./dialogisecumdumt03platuoft_0082.png"; bbox 0 0 2020 3094; ppageno 0'>
   <div class='ocr_carea' id='block_1_1' title="bbox 277 133 1352 187">
    <p class='ocr_par' dir='ltr' id='par_1_1' title="bbox 277 133 1352 187">
     <span class='ocr_line' id='line_1_1' title="bbox 277 133 1352 187; baseline -0.003 -2"><span class='ocrx_word' id='word_1_1' title='bbox 277 133 344 187; x_wconf 80' lang='lat'><strong><em>48</em></strong></span> <span class='ocrx_word' id='word_1_2' title='bbox 878 134 1352 183; x_wconf 72' lang='grc' dir='ltr'><em>ΠΛΑΤΩΝΟΣ</em></span> 
     </span>
    </p>
   </div>
   <div class='ocr_carea' id='block_1_2' title="bbox 216 262 2020 583">
    <p class='ocr_par' dir='ltr' id='par_1_2' title="bbox 282 262 2020 426">
     <span class='ocr_line' id='line_1_2' title="bbox 419 262 2020 341; baseline 0.002 -18"><span class='ocrx_word' id='word_1_3' title='bbox 419 271 541 326; x_wconf 73' lang='grc' dir='ltr'><strong><em>ΣΩ.</em></strong></span> <span class='ocrx_word' id='word_1_4' title='bbox 583 263 792 336; x_wconf 77' lang='grc' dir='ltr'><strong><em>’Ὠσπερ</em></strong></span> <span class='ocrx_word' id='word_1_5' title='bbox 830 285 939 322; x_wconf 90' lang='grc' dir='ltr'><strong><em>που</em></strong></span> <span class='ocrx_word' id='word_1_6' title='bbox 975 266 1066 321; x_wconf 84' lang='grc' dir='ltr'><strong><em>καὶ</em></strong></span> <span class='ocrx_word' id='word_1_7' title='bbox 1099 266 1326 321; x_wconf 82' lang='grc' dir='ltr'><strong><em>Σκύθαι</em></strong></span> <span class='ocrx_word' id='word_1_8' title='bbox 1362 267 1612 336; x_wconf 81' lang='grc' dir='ltr'><strong><em>λέγονται</em></strong></span> <span class='ocrx_word' id='word_1_9' title='bbox 1652 266 1751 339; x_wconf 79' lang='grc' dir='ltr'><strong><em>οὐχ</em></strong></span> <span class='ocrx_word' id='word_1_10' title='bbox 1781 262 1947 341; x_wconf 81' lang='grc' dir='ltr'><strong><em>ἦττον</em></strong></span> <span class='ocrx_word' id='word_1_11' title='bbox 2018 267 2020 271; x_wconf 40' lang='lat'><strong><em>⁴</em></strong></span> 
     </span>
     <span class='ocr_line' id='line_1_3' title="bbox 282 345 2020 426; baseline 0.001 -21"><span class='ocrx_word' id='word_1_12' title='bbox 282 349 583 422; x_wconf 77' lang='grc' dir='ltr'><strong><em>φεύγοντες</em></strong></span> <span class='ocrx_word' id='word_1_13' title='bbox 599 345 636 419; x_wconf 77' lang='grc' dir='ltr'><em>ἢ</em></span> <span class='ocrx_word' id='word_1_14' title='bbox 657 347 948 411; x_wconf 75' lang='grc' dir='ltr'><strong><em>διώκοντες</em></strong></span> <span class='ocrx_word' id='word_1_15' title='bbox 967 346 1238 416; x_wconf 86' lang='grc' dir='ltr'><strong><em>μάχεσθαι</em></strong></span> <span class='ocrx_word' id='word_1_16' title='bbox 1251 389 1266 416; x_wconf 91' lang='grc'><strong><em>,</em></strong></span> <span class='ocrx_word' id='word_1_17' title='bbox 1295 348 1386 403; x_wconf 85' lang='grc' dir='ltr'><strong><em>καὶ</em></strong></span> <span class='ocrx_word' id='word_1_18' title='bbox 1409 346 1645 420; x_wconf 85' lang='grc' dir='ltr'><strong><em>Ὅμηρός</em></strong></span> <span class='ocrx_word' id='word_1_19' title='bbox 1663 369 1775 405; x_wconf 92' lang='grc' dir='ltr'><strong><em>που</em></strong></span> <span class='ocrx_word' id='word_1_20' title='bbox 1793 353 1947 406; x_wconf 82' lang='grc' dir='ltr'><strong><em>ἐπαι-</em></strong></span> <span class='ocrx_word' id='word_1_21' title='bbox 2015 370 2020 426; x_wconf 67' lang='lat' dir='ltr'>j</span> 
     </span>
    </p>

    <p class='ocr_par' dir='ltr' id='par_1_3' title="bbox 216 424 2020 583">
     <span class='ocr_line' id='line_1_4' title="bbox 216 424 2020 498; baseline 0.001 -14"><span class='ocrx_word' id='word_1_22' title='bbox 216 444 249 484; x_wconf 88' lang='lat' dir='ltr'><strong>B</strong></span> <span class='ocrx_word' id='word_1_23' title='bbox 279 439 396 488; x_wconf 73' lang='grc' dir='ltr'><strong><em>νῶν</em></strong></span> <span class='ocrx_word' id='word_1_24' title='bbox 414 428 545 495; x_wconf 76' lang='grc' dir='ltr'><strong><em>τοὺς</em></strong></span> <span class='ocrx_word' id='word_1_25' title='bbox 571 437 672 486; x_wconf 80' lang='grc' dir='ltr'><strong><em>τοῦ</em></strong></span> <span class='ocrx_word' id='word_1_26' title='bbox 691 433 918 485; x_wconf 82' lang='grc' dir='ltr'><strong><em>Αἰνείου</em></strong></span> <span class='ocrx_word' id='word_1_27' title='bbox 937 431 1137 491; x_wconf 79' lang='grc' dir='ltr'><strong><em>ἵππους</em></strong></span> <span class='ocrx_word' id='word_1_28' title='bbox 1164 424 1406 495; x_wconf 76' lang='grc' dir='ltr'><strong><em>κραιπνὰ</em></strong></span> <span class='ocrx_word' id='word_1_29' title='bbox 1434 427 1555 498; x_wconf 84' lang='grc' dir='ltr'><strong><em>μάλ’</em></strong></span> <span class='ocrx_word' id='word_1_30' title='bbox 1573 434 1713 486; x_wconf 80' lang='grc' dir='ltr'><strong><em>ἔνθα</em></strong></span> <span class='ocrx_word' id='word_1_31' title='bbox 1735 431 1826 486; x_wconf 76' lang='grc' dir='ltr'><strong><em>καὶ</em></strong></span> <span class='ocrx_word' id='word_1_32' title='bbox 1856 435 1947 486; x_wconf 82' lang='grc' dir='ltr'><strong><em>ἔν-</em></strong></span> <span class='ocrx_word' id='word_1_33' title='bbox 2017 439 2020 490; x_wconf 76' lang='grc' dir='ltr'><em>ξ</em></span> 
     </span>
     <span class='ocr_line' id='line_1_5' title="bbox 278 505 2020 583; baseline -0.002 -13"><span class='ocrx_word' id='word_1_34' title='bbox 278 523 358 570; x_wconf 91' lang='grc' dir='ltr'><strong><em>θα</em></strong></span> <span class='ocrx_word' id='word_1_35' title='bbox 389 518 492 583; x_wconf 83' lang='grc' dir='ltr'><strong><em>ἔφη</em></strong></span> <span class='ocrx_word' id='word_1_36' title='bbox 523 508 727 575; x_wconf 79' lang='grc' dir='ltr'><strong><em>αὐτοὺς</em></strong></span> <span class='ocrx_word' id='word_1_37' title='bbox 761 512 1088 566; x_wconf 84' lang='grc' dir='ltr'><strong><em>ἐπίστασθαι</em></strong></span> <span class='ocrx_word' id='word_1_38' title='bbox 1126 507 1345 563; x_wconf 74' lang='grc' dir='ltr'><strong><em>διώκειν</em></strong></span> <span class='ocrx_word' id='word_1_39' title='bbox 1380 505 1477 579; x_wconf 77' lang='grc' dir='ltr'><strong><em>ἠδὲ</em></strong></span> <span class='ocrx_word' id='word_1_40' title='bbox 1514 511 1817 580; x_wconf 81' lang='grc' dir='ltr'><em>φέβεσθαι·</em></span> <span class='ocrx_word' id='word_1_41' title='bbox 1857 514 1947 566; x_wconf 86' lang='grc' dir='ltr'><strong><em>καὶ</em></strong></span> <span class='ocrx_word' id='word_1_42' title='bbox 2011 517 2020 573; x_wconf 69' lang='grc' dir='ltr'><strong><em>ἐ</em></strong></span> 
     </span>
    </p>
   </div>
   <div class='ocr_carea' id='block_1_3' title="bbox 275 587 1950 1149">
    <p class='ocr_par' dir='ltr' id='par_1_4' title="bbox 275 587 1950 1149">
     <span class='ocr_line' id='line_1_6' title="bbox 281 587 1948 662; baseline -0.001 -14"><span class='ocrx_word' id='word_1_43' title='bbox 281 592 456 648; x_wconf 80' lang='grc' dir='ltr'><strong><em>αὐτὸν</em></strong></span> <span class='ocrx_word' id='word_1_44' title='bbox 474 590 573 647; x_wconf 79' lang='grc' dir='ltr'><strong><em>τὸν</em></strong></span> <span class='ocrx_word' id='word_1_45' title='bbox 591 596 821 647; x_wconf 83' lang='grc' dir='ltr'><strong><em>Αἰνείαν</em></strong></span> <span class='ocrx_word' id='word_1_46' title='bbox 839 587 977 645; x_wconf 73' lang='grc' dir='ltr'><strong><em>κατὰ</em></strong></span> <span class='ocrx_word' id='word_1_47' title='bbox 998 587 1144 644; x_wconf 82' lang='grc' dir='ltr'><strong><em>τοῦτ’</em></strong></span> <span class='ocrx_word' id='word_1_48' title='bbox 1165 592 1497 659; x_wconf 80' lang='grc' dir='ltr'><strong><em>ἐνεκωμίασε</em></strong></span> <span class='ocrx_word' id='word_1_49' title='bbox 1509 632 1524 661; x_wconf 87' lang='grc'><strong><em>,</em></strong></span> <span class='ocrx_word' id='word_1_50' title='bbox 1561 589 1700 645; x_wconf 88' lang='grc' dir='ltr'><strong><em>κατά</em></strong></span> <span class='ocrx_word' id='word_1_51' title='bbox 1727 590 1829 662; x_wconf 83' lang='grc' dir='ltr'><strong><em>τὴν</em></strong></span> <span class='ocrx_word' id='word_1_52' title='bbox 1848 598 1948 647; x_wconf 85' lang='grc' dir='ltr'><strong><em>τοῦ</em></strong></span> 
     </span>
     <span class='ocr_line' id='line_1_7' title="bbox 281 668 1946 745; baseline -0.002 -15"><span class='ocrx_word' id='word_1_53' title='bbox 281 674 467 745; x_wconf 90' lang='grc' dir='ltr'><strong><em>φόβου</em></strong></span> <span class='ocrx_word' id='word_1_54' title='bbox 489 671 807 743; x_wconf 77' lang='grc' dir='ltr'><strong><em>ἐπιστήμην,</em></strong></span> <span class='ocrx_word' id='word_1_55' title='bbox 821 672 911 726; x_wconf 89' lang='grc' dir='ltr'><strong><em>καὶ</em></strong></span> <span class='ocrx_word' id='word_1_56' title='bbox 931 669 1081 726; x_wconf 81' lang='grc' dir='ltr'><strong><em>εἶπεν</em></strong></span> <span class='ocrx_word' id='word_1_57' title='bbox 1103 668 1276 726; x_wconf 82' lang='grc' dir='ltr'><strong><em>αὐτὸν</em></strong></span> <span class='ocrx_word' id='word_1_58' title='bbox 1294 669 1433 725; x_wconf 84' lang='grc' dir='ltr'><strong><em>εἶναι</em></strong></span> <span class='ocrx_word' id='word_1_59' title='bbox 1451 671 1711 743; x_wconf 78' lang='grc' dir='ltr'><strong><em>μήστωρα</em></strong></span> <span class='ocrx_word' id='word_1_60' title='bbox 1731 673 1946 744; x_wconf 89' lang='grc' dir='ltr'><strong><em>φόβοιο.</em></strong></span> 
     </span>
     <span class='ocr_line' id='line_1_8' title="bbox 419 745 1950 826; baseline -0.001 -17"><span class='ocrx_word' id='word_1_61' title='bbox 419 760 538 810; x_wconf 93' lang='grc' dir='ltr'><strong><em>ΛΑ.</em></strong></span> <span class='ocrx_word' id='word_1_62' title='bbox 593 755 702 808; x_wconf 86' lang='grc' dir='ltr'><strong><em>Καὶ</em></strong></span> <span class='ocrx_word' id='word_1_63' title='bbox 738 759 918 816; x_wconf 70' lang='grc' dir='ltr'><strong><em>καλῶς</em></strong></span> <span class='ocrx_word' id='word_1_64' title='bbox 957 773 1047 822; x_wconf 79' lang='grc' dir='ltr'><strong><em>γε,</em></strong></span> <span class='ocrx_word' id='word_1_65' title='bbox 1089 745 1134 806; x_wconf 69' lang='grc' dir='ltr'><em>ὦ</em></span> <span class='ocrx_word' id='word_1_66' title='bbox 1152 752 1447 822; x_wconf 70' lang='grc' dir='ltr'><strong><em>Σώκρατες</em></strong></span> <span class='ocrx_word' id='word_1_67' title='bbox 1462 773 1474 784; x_wconf 91' lang='grc'><em>·</em></span> <span class='ocrx_word' id='word_1_68' title='bbox 1527 756 1651 823; x_wconf 84' lang='grc' dir='ltr'><strong><em>περὶ</em></strong></span> <span class='ocrx_word' id='word_1_69' title='bbox 1687 751 1950 826; x_wconf 78' lang='grc' dir='ltr'><strong><em>ἁρμάτων</em></strong></span> 
     </span>
     <span class='ocr_line' id='line_1_9' title="bbox 276 832 1945 907; baseline -0.001 -15"><span class='ocrx_word' id='word_1_70' title='bbox 276 835 385 907; x_wconf 76' lang='grc' dir='ltr'><strong><em>γὰρ</em></strong></span> <span class='ocrx_word' id='word_1_71' title='bbox 407 840 557 907; x_wconf 74' lang='grc' dir='ltr'><strong><em>ἔλεγε</em></strong></span> <span class='ocrx_word' id='word_1_72' title='bbox 571 856 582 867; x_wconf 89' lang='lat'><strong>·</strong></span> <span class='ocrx_word' id='word_1_73' title='bbox 604 833 784 890; x_wconf 80' lang='grc' dir='ltr'><strong><em>καὶσὺ</em></strong></span> <span class='ocrx_word' id='word_1_74' title='bbox 806 832 867 889; x_wconf 84' lang='grc' dir='ltr'><strong><em>τὸ</em></strong></span> <span class='ocrx_word' id='word_1_75' title='bbox 889 839 1002 888; x_wconf 79' lang='grc' dir='ltr'><strong><em>τῶν</em></strong></span> <span class='ocrx_word' id='word_1_76' title='bbox 1019 839 1272 887; x_wconf 72' lang='grc' dir='ltr'><strong><em>Σκυθῶν</em></strong></span> <span class='ocrx_word' id='word_1_77' title='bbox 1291 834 1503 888; x_wconf 82' lang='grc' dir='ltr'><strong><em>ἱππέων</em></strong></span> <span class='ocrx_word' id='word_1_78' title='bbox 1523 836 1646 904; x_wconf 90' lang='grc' dir='ltr'><strong><em>πέρι</em></strong></span> <span class='ocrx_word' id='word_1_79' title='bbox 1664 838 1849 904; x_wconf 81' lang='grc' dir='ltr'><strong><em>λέγεις.</em></strong></span> <span class='ocrx_word' id='word_1_80' title='bbox 1887 833 1945 890; x_wconf 86' lang='grc' dir='ltr'>τὸ</span> 
     </span>
     <span class='ocr_line' id='line_1_10' title="bbox 275 913 1950 989; baseline -0.001 -17"><span class='ocrx_word' id='word_1_81' title='bbox 275 919 384 989; x_wconf 68' lang='grc' dir='ltr'><strong><em>μὲν</em></strong></span> <span class='ocrx_word' id='word_1_82' title='bbox 406 914 514 987; x_wconf 77' lang='grc' dir='ltr'><strong><em>γάρ</em></strong></span> <span class='ocrx_word' id='word_1_83' title='bbox 535 913 765 971; x_wconf 74' lang='grc' dir='ltr'><strong><em>ἱππικὸν</em></strong></span> <span class='ocrx_word' id='word_1_84' title='bbox 782 913 842 970; x_wconf 86' lang='grc' dir='ltr'><strong><em>τὸ</em></strong></span> <span class='ocrx_word' id='word_1_85' title='bbox 863 917 1092 970; x_wconf 84' lang='grc' dir='ltr'><strong><em>ἐκείνων</em></strong></span> <span class='ocrx_word' id='word_1_86' title='bbox 1111 913 1257 969; x_wconf 81' lang='grc' dir='ltr'><strong><em>οὕτω</em></strong></span> <span class='ocrx_word' id='word_1_87' title='bbox 1277 914 1528 987; x_wconf 89' lang='grc' dir='ltr'><strong><em>μάχεται,</em></strong></span> <span class='ocrx_word' id='word_1_88' title='bbox 1566 913 1630 972; x_wconf 81' lang='grc' dir='ltr'><strong><em>τὸ</em></strong></span> <span class='ocrx_word' id='word_1_89' title='bbox 1654 915 1713 971; x_wconf 77' lang='grc' dir='ltr'><strong><em>δὲ</em></strong></span> <span class='ocrx_word' id='word_1_90' title='bbox 1742 913 1950 971; x_wconf 89' lang='grc' dir='ltr'><strong><em>ὁπλιτι-</em></strong></span> 
     </span>
     <span class='ocr_line' id='line_1_11' title="bbox 281 993 1404 1067; baseline -0.004 -14"><span class='ocrx_word' id='word_1_91' title='bbox 281 996 386 1053; x_wconf 88' lang='grc' dir='ltr'><strong><em>κὸν</em></strong></span> <span class='ocrx_word' id='word_1_92' title='bbox 404 997 468 1052; x_wconf 94' lang='grc' dir='ltr'><strong><em>τό</em></strong></span> <span class='ocrx_word' id='word_1_93' title='bbox 485 1019 548 1067; x_wconf 80' lang='grc' dir='ltr'><strong><em>γε</em></strong></span> <span class='ocrx_word' id='word_1_94' title='bbox 567 1003 680 1052; x_wconf 79' lang='grc' dir='ltr'><strong><em>τῶν</em></strong></span> <span class='ocrx_word' id='word_1_95' title='bbox 694 995 969 1066; x_wconf 82' lang='grc' dir='ltr'><strong><em>Ἑλλήνων</em></strong></span> <span class='ocrx_word' id='word_1_96' title='bbox 982 1037 996 1064; x_wconf 90' lang='grc'><strong><em>,</em></strong></span> <span class='ocrx_word' id='word_1_97' title='bbox 1031 993 1103 1059; x_wconf 73' lang='grc' dir='ltr'><strong><em>ὥς</em></strong></span> <span class='ocrx_word' id='word_1_98' title='bbox 1122 995 1228 1066; x_wconf 80' lang='grc' dir='ltr'><strong><em>ἐγω</em></strong></span> <span class='ocrx_word' id='word_1_99' title='bbox 1249 997 1404 1064; x_wconf 78' lang='grc' dir='ltr'><strong><em>λέγω.</em></strong></span> 
     </span>
     <span class='ocr_line' id='line_1_12' title="bbox 424 1070 1947 1149; baseline -0.001 -15"><span class='ocrx_word' id='word_1_100' title='bbox 424 1083 548 1134; x_wconf 74' lang='grc' dir='ltr'><strong><em>ΣΩ.</em></strong></span> <span class='ocrx_word' id='word_1_101' title='bbox 603 1077 764 1149; x_wconf 83' lang='grc' dir='ltr'><strong><em>Πλήν</em></strong></span> <span class='ocrx_word' id='word_1_102' title='bbox 796 1076 842 1147; x_wconf 80' lang='grc' dir='ltr'><strong><em>γ’</em></strong></span> <span class='ocrx_word' id='word_1_103' title='bbox 864 1085 1019 1147; x_wconf 74' lang='grc' dir='ltr'><strong><em>ἴσως,</em></strong></span> <span class='ocrx_word' id='word_1_104' title='bbox 1061 1070 1106 1132; x_wconf 71' lang='grc' dir='ltr'><em>ὦ</em></span> <span class='ocrx_word' id='word_1_105' title='bbox 1133 1076 1342 1147; x_wconf 81' lang='grc' dir='ltr'><strong><em>Λάχης,</em></strong></span> <span class='ocrx_word' id='word_1_106' title='bbox 1380 1075 1441 1132; x_wconf 85' lang='grc' dir='ltr'><strong><em>τὸ</em></strong></span> <span class='ocrx_word' id='word_1_107' title='bbox 1476 1081 1947 1149; x_wconf 83' lang='grc' dir='ltr'><strong><em>Λακεδαιμονίων.</em></strong></span> 
     </span>
    </p>
   </div>
   <div class='ocr_carea' id='block_1_4' title="bbox 218 1159 2010 1235">
    <p class='ocr_par' dir='ltr' id='par_1_5' title="bbox 218 1159 2010 1235">
     <span class='ocr_line' id='line_1_13' title="bbox 218 1159 2010 1235; baseline 0.001 -20"><span class='ocrx_word' id='word_1_108' title='bbox 218 1168 250 1209; x_wconf 86' lang='lat' dir='ltr'>C</span> <span class='ocrx_word' id='word_1_109' title='bbox 285 1164 748 1230; x_wconf 82' lang='grc' dir='ltr'><strong><em>Λακεδαιμονίους</em></strong></span> <span class='ocrx_word' id='word_1_110' title='bbox 766 1159 872 1229; x_wconf 78' lang='grc' dir='ltr'><strong><em>γάρ</em></strong></span> <span class='ocrx_word' id='word_1_111' title='bbox 894 1173 1066 1228; x_wconf 91' lang='grc' dir='ltr'><strong><em>φασιν</em></strong></span> <span class='ocrx_word' id='word_1_112' title='bbox 1086 1160 1147 1214; x_wconf 83' lang='grc' dir='ltr'><strong><em>ἐν</em></strong></span> <span class='ocrx_word' id='word_1_113' title='bbox 1156 1165 1468 1228; x_wconf 78' lang='grc' dir='ltr'><strong><em>Πλαταιαῖς,</em></strong></span> <span class='ocrx_word' id='word_1_114' title='bbox 1482 1159 1666 1231; x_wconf 82' lang='grc' dir='ltr'><strong><em>ἐπειδὴ</em></strong></span> <span class='ocrx_word' id='word_1_115' title='bbox 1685 1159 1822 1231; x_wconf 84' lang='grc' dir='ltr'><strong><em>πρὸς</em></strong></span> <span class='ocrx_word' id='word_1_116' title='bbox 1839 1172 1952 1235; x_wconf 82' lang='grc' dir='ltr'><strong><em>τοῖς</em></strong></span> <span class='ocrx_word' id='word_1_117' title='bbox 2007 1196 2010 1198; x_wconf 31' lang='lat' dir='ltr'>v</span> 
     </span>
    </p>
   </div>
   <div class='ocr_carea' id='block_1_5' title="bbox 223 1236 1953 2462">
    <p class='ocr_par' dir='ltr' id='par_1_6' title="bbox 223 1236 1953 2462">
     <span class='ocr_line' id='line_1_14' title="bbox 280 1236 1951 1312; baseline 0.001 -15"><span class='ocrx_word' id='word_1_118' title='bbox 280 1241 644 1312; x_wconf 76' lang='grc' dir='ltr'><strong><em>γερροφόροις</em></strong></span> <span class='ocrx_word' id='word_1_119' title='bbox 663 1242 933 1311; x_wconf 82' lang='grc' dir='ltr'><strong><em>ἐγένοντο,</em></strong></span> <span class='ocrx_word' id='word_1_120' title='bbox 955 1236 1059 1295; x_wconf 82' lang='grc' dir='ltr'><strong><em>οὐκ</em></strong></span> <span class='ocrx_word' id='word_1_121' title='bbox 1079 1240 1293 1294; x_wconf 79' lang='grc' dir='ltr'><strong><em>ἐθέλειν</em></strong></span> <span class='ocrx_word' id='word_1_122' title='bbox 1309 1241 1576 1309; x_wconf 83' lang='grc' dir='ltr'><strong><em>μένοντας</em></strong></span> <span class='ocrx_word' id='word_1_123' title='bbox 1594 1239 1732 1312; x_wconf 81' lang='grc' dir='ltr'><strong><em>πρὸς</em></strong></span> <span class='ocrx_word' id='word_1_124' title='bbox 1747 1239 1951 1308; x_wconf 79' lang='grc' dir='ltr'><strong><em>αὐτοὺς</em></strong></span> 
     </span>
     <span class='ocr_line' id='line_1_15' title="bbox 278 1318 1951 1395; baseline 0.001 -16"><span class='ocrx_word' id='word_1_125' title='bbox 278 1323 582 1395; x_wconf 88' lang='grc' dir='ltr'><strong><em>μάχεσθαι,</em></strong></span> <span class='ocrx_word' id='word_1_126' title='bbox 621 1320 760 1378; x_wconf 82' lang='grc' dir='ltr'><strong><em>ἀλλά</em></strong></span> <span class='ocrx_word' id='word_1_127' title='bbox 790 1321 1049 1391; x_wconf 78' lang='grc' dir='ltr'><strong><em>φεύγειν,</em></strong></span> <span class='ocrx_word' id='word_1_128' title='bbox 1087 1318 1268 1391; x_wconf 81' lang='grc' dir='ltr'><strong><em>ἐπειδὴ</em></strong></span> <span class='ocrx_word' id='word_1_129' title='bbox 1301 1319 1349 1375; x_wconf 80' lang='grc' dir='ltr'><strong><em>δ’</em></strong></span> <span class='ocrx_word' id='word_1_130' title='bbox 1374 1320 1661 1393; x_wconf 81' lang='grc' dir='ltr'><strong><em>ἐλύθησαν</em></strong></span> <span class='ocrx_word' id='word_1_131' title='bbox 1690 1325 1751 1378; x_wconf 77' lang='grc' dir='ltr'><strong><em>αἱ</em></strong></span> <span class='ocrx_word' id='word_1_132' title='bbox 1775 1323 1951 1390; x_wconf 80' lang='grc' dir='ltr'><strong><em>τάξεις</em></strong></span> 
     </span>
     <span class='ocr_line' id='line_1_16' title="bbox 281 1400 1952 1475; baseline 0.001 -16"><span class='ocrx_word' id='word_1_133' title='bbox 281 1411 395 1460; x_wconf 84' lang='grc' dir='ltr'><strong><em>τῶν</em></strong></span> <span class='ocrx_word' id='word_1_134' title='bbox 411 1410 676 1473; x_wconf 73' lang='grc' dir='ltr'><strong><em>Περσῶν,</em></strong></span> <span class='ocrx_word' id='word_1_135' title='bbox 713 1401 1230 1473; x_wconf 77' lang='grc' dir='ltr'><strong><em>ἀναστρεφομένους</em></strong></span> <span class='ocrx_word' id='word_1_136' title='bbox 1263 1400 1445 1472; x_wconf 74' lang='grc' dir='ltr'><strong><em>ὥσπερ</em></strong></span> <span class='ocrx_word' id='word_1_137' title='bbox 1466 1406 1660 1468; x_wconf 75' lang='grc' dir='ltr'><strong><em>ἱππέας</em></strong></span> <span class='ocrx_word' id='word_1_138' title='bbox 1679 1404 1952 1475; x_wconf 89' lang='grc' dir='ltr'><strong><em>μάχεσθαι</em></strong></span> 
     </span>
     <span class='ocr_line' id='line_1_17' title="bbox 280 1483 1233 1556; baseline -0.005 -13"><span class='ocrx_word' id='word_1_139' title='bbox 280 1487 372 1543; x_wconf 86' lang='grc' dir='ltr'><strong><em>καὶ</em></strong></span> <span class='ocrx_word' id='word_1_140' title='bbox 391 1485 536 1542; x_wconf 78' lang='grc' dir='ltr'><strong><em>οὕτω</em></strong></span> <span class='ocrx_word' id='word_1_141' title='bbox 556 1492 776 1556; x_wconf 84' lang='grc' dir='ltr'><strong><em>νικῆσαι</em></strong></span> <span class='ocrx_word' id='word_1_142' title='bbox 792 1484 895 1555; x_wconf 87' lang='grc' dir='ltr'><strong><em>τὴν</em></strong></span> <span class='ocrx_word' id='word_1_143' title='bbox 915 1487 1026 1540; x_wconf 80' lang='grc' dir='ltr'><strong><em>ἐκεῖ</em></strong></span> <span class='ocrx_word' id='word_1_144' title='bbox 1039 1483 1233 1555; x_wconf 89' lang='grc' dir='ltr'><strong><em>μάχην.</em></strong></span> 
     </span>
     <span class='ocr_line' id='line_1_18' title="bbox 420 1565 996 1638; baseline -0.003 -16"><span class='ocrx_word' id='word_1_145' title='bbox 420 1572 539 1622; x_wconf 91' lang='grc' dir='ltr'><strong><em>ΛΑ.</em></strong></span> <span class='ocrx_word' id='word_1_146' title='bbox 586 1565 788 1638; x_wconf 85' lang='grc' dir='ltr'><strong><em>’Λληθῆ</em></strong></span> <span class='ocrx_word' id='word_1_147' title='bbox 810 1569 996 1635; x_wconf 81' lang='grc' dir='ltr'><strong><em>λέγεις.</em></strong></span> 
     </span>
     <span class='ocr_line' id='line_1_19' title="bbox 422 1645 1952 1719; baseline 0.002 -16"><span class='ocrx_word' id='word_1_148' title='bbox 422 1654 599 1706; x_wconf 86' lang='lat' dir='ltr'>XVIII.</span> <span class='ocrx_word' id='word_1_149' title='bbox 677 1654 799 1704; x_wconf 75' lang='grc' dir='ltr'><strong><em>ΣΩ.</em></strong></span> <span class='ocrx_word' id='word_1_150' title='bbox 857 1654 1033 1703; x_wconf 84' lang='grc' dir='ltr'><strong><em>Τοῦτο</em></strong></span> <span class='ocrx_word' id='word_1_151' title='bbox 1053 1650 1246 1703; x_wconf 84' lang='grc' dir='ltr'><strong><em>τοίνυν</em></strong></span> <span class='ocrx_word' id='word_1_152' title='bbox 1263 1645 1388 1715; x_wconf 77' lang='grc' dir='ltr'><strong><em>ἄρτι</em></strong></span> <span class='ocrx_word' id='word_1_153' title='bbox 1406 1651 1613 1718; x_wconf 77' lang='grc' dir='ltr'><strong><em>ἔλεγον,</em></strong></span> <span class='ocrx_word' id='word_1_154' title='bbox 1636 1648 1720 1703; x_wconf 84' lang='grc' dir='ltr'><strong><em>ὅτι</em></strong></span> <span class='ocrx_word' id='word_1_155' title='bbox 1739 1647 1843 1719; x_wconf 77' lang='grc' dir='ltr'><strong><em>ἐγω</em></strong></span> <span class='ocrx_word' id='word_1_156' title='bbox 1865 1658 1952 1706; x_wconf 71' lang='grc' dir='ltr'><strong><em>αἶ’-</em></strong></span> 
     </span>
     <span class='ocr_line' id='line_1_20' title="bbox 284 1726 1948 1802; baseline 0.001 -17"><span class='ocrx_word' id='word_1_157' title='bbox 284 1751 398 1795; x_wconf 89' lang='grc' dir='ltr'><strong><em>τιος</em></strong></span> <span class='ocrx_word' id='word_1_158' title='bbox 425 1728 497 1801; x_wconf 83' lang='grc' dir='ltr'><strong><em>μὴ</em></strong></span> <span class='ocrx_word' id='word_1_159' title='bbox 529 1735 709 1794; x_wconf 78' lang='grc' dir='ltr'><strong><em>καλῶς</em></strong></span> <span class='ocrx_word' id='word_1_160' title='bbox 739 1746 799 1785; x_wconf 88' lang='grc' dir='ltr'><strong><em>σε</em></strong></span> <span class='ocrx_word' id='word_1_161' title='bbox 828 1727 1267 1800; x_wconf 87' lang='grc' dir='ltr'><strong><em>ἀποκρίνασθαι,</em></strong></span> <span class='ocrx_word' id='word_1_162' title='bbox 1306 1726 1391 1783; x_wconf 80' lang='grc' dir='ltr'><strong><em>ὅτι</em></strong></span> <span class='ocrx_word' id='word_1_163' title='bbox 1423 1726 1491 1783; x_wconf 83' lang='grc' dir='ltr'><strong><em>οὐ</em></strong></span> <span class='ocrx_word' id='word_1_164' title='bbox 1511 1734 1692 1795; x_wconf 75' lang='grc' dir='ltr'><strong><em>καλοῖς</em></strong></span> <span class='ocrx_word' id='word_1_165' title='bbox 1717 1727 1948 1802; x_wconf 79' lang='grc' dir='ltr'><strong><em>ἠρόμην.</em></strong></span> 
     </span>
     <span class='ocr_line' id='line_1_21' title="bbox 223 1806 1953 1880; baseline 0 -14"><span class='ocrx_word' id='word_1_166' title='bbox 223 1825 257 1866; x_wconf 84' lang='lat' dir='ltr'>D</span> <span class='ocrx_word' id='word_1_167' title='bbox 287 1809 628 1880; x_wconf 88' lang='grc' dir='ltr'><strong><em>βουλόμενος</em></strong></span> <span class='ocrx_word' id='word_1_168' title='bbox 645 1810 751 1880; x_wconf 77' lang='grc' dir='ltr'><strong><em>γάρ</em></strong></span> <span class='ocrx_word' id='word_1_169' title='bbox 772 1826 875 1866; x_wconf 91' lang='grc' dir='ltr'><strong><em>σου</em></strong></span> <span class='ocrx_word' id='word_1_170' title='bbox 894 1814 1178 1865; x_wconf 88' lang='grc' dir='ltr'><strong><em>πυθέσθαι</em></strong></span> <span class='ocrx_word' id='word_1_171' title='bbox 1196 1806 1271 1880; x_wconf 85' lang='grc' dir='ltr'><strong><em>μὴ</em></strong></span> <span class='ocrx_word' id='word_1_172' title='bbox 1284 1808 1462 1879; x_wconf 90' lang='grc' dir='ltr'><strong><em>μόνον</em></strong></span> <span class='ocrx_word' id='word_1_173' title='bbox 1479 1807 1608 1872; x_wconf 75' lang='grc' dir='ltr'><strong><em>τοὺς</em></strong></span> <span class='ocrx_word' id='word_1_174' title='bbox 1627 1812 1688 1864; x_wconf 85' lang='grc' dir='ltr'><strong><em>ἐν</em></strong></span> <span class='ocrx_word' id='word_1_175' title='bbox 1704 1816 1782 1880; x_wconf 76' lang='grc' dir='ltr'><strong><em>τῷ</em></strong></span> <span class='ocrx_word' id='word_1_176' title='bbox 1793 1809 1953 1866; x_wconf 87' lang='grc' dir='ltr'><strong><em>ὁπλι-</em></strong></span> 
     </span>
     <span class='ocr_line' id='line_1_22' title="bbox 283 1888 1952 1965; baseline -0.001 -19"><span class='ocrx_word' id='word_1_177' title='bbox 283 1897 414 1965; x_wconf 79' lang='grc' dir='ltr'><strong><em>τικῷ</em></strong></span> <span class='ocrx_word' id='word_1_178' title='bbox 436 1888 751 1961; x_wconf 82' lang='grc' dir='ltr'><strong><em>ἀνδρείους,</em></strong></span> <span class='ocrx_word' id='word_1_179' title='bbox 789 1890 927 1947; x_wconf 82' lang='grc' dir='ltr'><strong><em>ἀλλά</em></strong></span> <span class='ocrx_word' id='word_1_180' title='bbox 959 1891 1198 1955; x_wconf 78' lang='grc' dir='ltr'><strong><em>καὶτοὺς</em></strong></span> <span class='ocrx_word' id='word_1_181' title='bbox 1226 1892 1286 1945; x_wconf 90' lang='grc' dir='ltr'><strong><em>ἐν</em></strong></span> <span class='ocrx_word' id='word_1_182' title='bbox 1304 1896 1381 1963; x_wconf 78' lang='grc' dir='ltr'><strong><em>τῷ</em></strong></span> <span class='ocrx_word' id='word_1_183' title='bbox 1400 1893 1608 1964; x_wconf 73' lang='grc' dir='ltr'><strong><em>ἱππικῷ</em></strong></span> <span class='ocrx_word' id='word_1_184' title='bbox 1626 1891 1716 1946; x_wconf 86' lang='grc' dir='ltr'><strong><em>καὶ</em></strong></span> <span class='ocrx_word' id='word_1_185' title='bbox 1735 1893 1797 1945; x_wconf 87' lang='grc' dir='ltr'><strong><em>ἐν</em></strong></span> <span class='ocrx_word' id='word_1_186' title='bbox 1816 1890 1952 1962; x_wconf 83' lang='grc' dir='ltr'><strong><em>ξύμ-</em></strong></span> 
     </span>
     <span class='ocr_line' id='line_1_23' title="bbox 284 1969 1951 2047; baseline 0.001 -20"><span class='ocrx_word' id='word_1_187' title='bbox 284 1992 448 2027; x_wconf 89' lang='grc' dir='ltr'><strong><em>παντι</em></strong></span> <span class='ocrx_word' id='word_1_188' title='bbox 467 1977 544 2043; x_wconf 72' lang='grc' dir='ltr'><strong><em>τῷ</em></strong></span> <span class='ocrx_word' id='word_1_189' title='bbox 564 1978 838 2045; x_wconf 78' lang='grc' dir='ltr'><strong><em>πολεμικῷ</em></strong></span> <span class='ocrx_word' id='word_1_190' title='bbox 860 1976 1016 2044; x_wconf 77' lang='grc' dir='ltr'><strong><em>εἴδει,</em></strong></span> <span class='ocrx_word' id='word_1_191' title='bbox 1053 1974 1144 2028; x_wconf 87' lang='grc' dir='ltr'><strong><em>καὶ</em></strong></span> <span class='ocrx_word' id='word_1_192' title='bbox 1165 1970 1238 2043; x_wconf 88' lang='grc' dir='ltr'><strong><em>μὴ</em></strong></span> <span class='ocrx_word' id='word_1_193' title='bbox 1260 1971 1436 2042; x_wconf 91' lang='grc' dir='ltr'><strong><em>μόνον</em></strong></span> <span class='ocrx_word' id='word_1_194' title='bbox 1454 1969 1583 2036; x_wconf 78' lang='grc' dir='ltr'><strong><em>τοὺς</em></strong></span> <span class='ocrx_word' id='word_1_195' title='bbox 1612 1974 1672 2027; x_wconf 89' lang='grc' dir='ltr'><strong><em>ἐν</em></strong></span> <span class='ocrx_word' id='word_1_196' title='bbox 1691 1979 1768 2047; x_wconf 76' lang='grc' dir='ltr'><strong><em>τῷ</em></strong></span> <span class='ocrx_word' id='word_1_197' title='bbox 1787 1979 1951 2029; x_wconf 86' lang='grc' dir='ltr'><strong><em>πολέ-</em></strong></span> 
     </span>
     <span class='ocr_line' id='line_1_24' title="bbox 286 2050 1952 2126; baseline 0.001 -19"><span class='ocrx_word' id='word_1_198' title='bbox 286 2075 398 2126; x_wconf 80' lang='grc' dir='ltr'><strong><em>μῳ,</em></strong></span> <span class='ocrx_word' id='word_1_199' title='bbox 437 2051 575 2109; x_wconf 84' lang='grc' dir='ltr'><strong><em>ἀλλά</em></strong></span> <span class='ocrx_word' id='word_1_200' title='bbox 596 2056 687 2108; x_wconf 85' lang='grc' dir='ltr'><strong><em>καὶ</em></strong></span> <span class='ocrx_word' id='word_1_201' title='bbox 714 2050 844 2118; x_wconf 80' lang='grc' dir='ltr'><strong><em>τούς</em></strong></span> <span class='ocrx_word' id='word_1_202' title='bbox 873 2056 933 2108; x_wconf 87' lang='grc' dir='ltr'><strong><em>ἐν</em></strong></span> <span class='ocrx_word' id='word_1_203' title='bbox 958 2065 1068 2119; x_wconf 88' lang='grc' dir='ltr'><strong><em>τοῖς</em></strong></span> <span class='ocrx_word' id='word_1_204' title='bbox 1088 2053 1226 2124; x_wconf 84' lang='grc' dir='ltr'><strong><em>πρὸς</em></strong></span> <span class='ocrx_word' id='word_1_205' title='bbox 1245 2052 1346 2123; x_wconf 81' lang='grc' dir='ltr'><strong><em>τὴν</em></strong></span> <span class='ocrx_word' id='word_1_206' title='bbox 1364 2051 1650 2108; x_wconf 89' lang='grc' dir='ltr'><strong><em>θάλατταν</em></strong></span> <span class='ocrx_word' id='word_1_207' title='bbox 1669 2054 1952 2119; x_wconf 77' lang='grc' dir='ltr'><strong><em>κινδύνοις</em></strong></span> 
     </span>
     <span class='ocr_line' id='line_1_25' title="bbox 287 2132 1953 2205; baseline 0.001 -16"><span class='ocrx_word' id='word_1_208' title='bbox 287 2133 618 2204; x_wconf 80' lang='grc' dir='ltr'><strong><em>ἀνδρειόυς’</em></strong></span> <span class='ocrx_word' id='word_1_209' title='bbox 599 2135 789 2204; x_wconf 91' lang='grc' dir='ltr'><strong><em>όντας,</em></strong></span> <span class='ocrx_word' id='word_1_210' title='bbox 828 2133 971 2191; x_wconf 68' lang='grc' dir='ltr'><strong><em>καὶ”</em></strong></span> <span class='ocrx_word' id='word_1_211' title='bbox 951 2133 1071 2191; x_wconf 89' lang='grc' dir='ltr'><strong><em>όσοι</em></strong></span> <span class='ocrx_word' id='word_1_212' title='bbox 1089 2156 1151 2205; x_wconf 80' lang='grc' dir='ltr'><strong><em>γε</em></strong></span> <span class='ocrx_word' id='word_1_213' title='bbox 1180 2132 1319 2204; x_wconf 81' lang='grc' dir='ltr'><strong><em>πρὸς</em></strong></span> <span class='ocrx_word' id='word_1_214' title='bbox 1336 2135 1539 2199; x_wconf 87' lang='grc' dir='ltr'><strong><em>νόσους</em></strong></span> <span class='ocrx_word' id='word_1_215' title='bbox 1564 2133 1696 2190; x_wconf 74' lang='grc' dir='ltr'><strong><em>καὶ“’</em></strong></span> <span class='ocrx_word' id='word_1_216' title='bbox 1674 2133 1796 2190; x_wconf 86' lang='grc' dir='ltr'><strong><em>όσοι</em></strong></span> <span class='ocrx_word' id='word_1_217' title='bbox 1814 2134 1953 2205; x_wconf 81' lang='grc' dir='ltr'><strong><em>πρὸς</em></strong></span> 
     </span>
     <span class='ocr_line' id='line_1_26' title="bbox 284 2213 1952 2291; baseline -0.001 -19"><span class='ocrx_word' id='word_1_218' title='bbox 284 2222 477 2281; x_wconf 86' lang='grc' dir='ltr'><strong><em>πενίας</em></strong></span> <span class='ocrx_word' id='word_1_219' title='bbox 504 2239 538 2287; x_wconf 90' lang='grc' dir='ltr'><strong><em>η</em></strong></span> <span class='ocrx_word' id='word_1_220' title='bbox 516 2213 652 2271; x_wconf 65' lang='lat' dir='ltr'><em>”ocal</em></span> <span class='ocrx_word' id='word_1_221' title='bbox 679 2213 818 2287; x_wconf 84' lang='grc' dir='ltr'><strong><em>πρὸς</em></strong></span> <span class='ocrx_word' id='word_1_222' title='bbox 844 2214 910 2270; x_wconf 79' lang='grc' dir='ltr'><strong><em>τὰ</em></strong></span> <span class='ocrx_word' id='word_1_223' title='bbox 944 2214 1192 2271; x_wconf 79' lang='grc' dir='ltr'><strong><em>πολιτικὰ</em></strong></span> <span class='ocrx_word' id='word_1_224' title='bbox 1222 2214 1474 2286; x_wconf 81' lang='grc' dir='ltr'><strong><em>ἀνδρεῖοί</em></strong></span> <span class='ocrx_word' id='word_1_225' title='bbox 1489 2220 1617 2291; x_wconf 84' lang='grc' dir='ltr'><strong><em>εἰσι,</em></strong></span> <span class='ocrx_word' id='word_1_226' title='bbox 1655 2218 1745 2271; x_wconf 86' lang='grc' dir='ltr'><strong><em>καὶ</em></strong></span> <span class='ocrx_word' id='word_1_227' title='bbox 1774 2221 1851 2273; x_wconf 82' lang='grc' dir='ltr'><strong><em>ἔτι</em></strong></span> <span class='ocrx_word' id='word_1_228' title='bbox 1880 2219 1952 2270; x_wconf 84' lang='grc' dir='ltr'><strong><em>αὐ</em></strong></span> 
     </span>
     <span class='ocr_line' id='line_1_27' title="bbox 288 2293 1949 2369; baseline -0.001 -16"><span class='ocrx_word' id='word_1_229' title='bbox 288 2320 360 2369; x_wconf 91' lang='grc' dir='ltr'><strong><em>μη</em></strong></span> <span class='ocrx_word' id='word_1_230' title='bbox 383 2297 557 2369; x_wconf 84' lang='grc' dir='ltr'><strong><em>μόνον</em></strong></span> <span class='ocrx_word' id='word_1_231' title='bbox 578 2297 698 2353; x_wconf 78' lang='grc' dir='ltr'><strong><em>ὅσοι</em></strong></span> <span class='ocrx_word' id='word_1_232' title='bbox 718 2294 857 2367; x_wconf 84' lang='grc' dir='ltr'><strong><em>πρὸς</em></strong></span> <span class='ocrx_word' id='word_1_233' title='bbox 875 2297 1050 2361; x_wconf 89' lang='grc' dir='ltr'><strong><em>λύπας</em></strong></span> <span class='ocrx_word' id='word_1_234' title='bbox 1069 2295 1317 2365; x_wconf 81' lang='grc' dir='ltr'><strong><em>ἀνδρεῖοί</em></strong></span> <span class='ocrx_word' id='word_1_235' title='bbox 1331 2293 1513 2353; x_wconf 79' lang='grc' dir='ltr'><strong><em>εἰσιν’</em></strong></span> <span class='ocrx_word' id='word_1_236' title='bbox 1487 2295 1523 2368; x_wconf 80' lang='grc' dir='ltr'><strong><em>η’</em></strong></span> <span class='ocrx_word' id='word_1_237' title='bbox 1541 2296 1780 2369; x_wconf 86' lang='grc' dir='ltr'><strong><em>φόβους,</em></strong></span> <span class='ocrx_word' id='word_1_238' title='bbox 1812 2295 1949 2353; x_wconf 78' lang='grc' dir='ltr'><strong><em>ἀλλὰ</em></strong></span> 
     </span>
     <span class='ocr_line' id='line_1_28' title="bbox 287 2374 1952 2462; baseline 0 -30"><span class='ocrx_word' id='word_1_239' title='bbox 287 2379 379 2432; x_wconf 88' lang='grc' dir='ltr'><strong><em>καὶ</em></strong></span> <span class='ocrx_word' id='word_1_240' title='bbox 398 2377 537 2447; x_wconf 84' lang='grc' dir='ltr'><strong><em>πρὸς</em></strong></span> <span class='ocrx_word' id='word_1_241' title='bbox 555 2380 850 2448; x_wconf 86' lang='grc' dir='ltr'><strong><em>ἐπιθυμίας</em></strong></span> <span class='ocrx_word' id='word_1_242' title='bbox 871 2401 905 2449; x_wconf 87' lang='grc' dir='ltr'><strong><em>η</em></strong></span> <span class='ocrx_word' id='word_1_243' title='bbox 885 2374 1127 2449; x_wconf 74' lang='grc' dir='ltr'><strong><em>”ἠδονας</em></strong></span> <span class='ocrx_word' id='word_1_244' title='bbox 1145 2380 1315 2434; x_wconf 81' lang='grc' dir='ltr'><strong><em>δεινοὶ</em></strong></span> <span class='ocrx_word' id='word_1_245' title='bbox 1332 2379 1621 2462; x_wconf 71' lang='grc' dir='ltr'><strong><em>μάχεσθαι,</em></strong></span> <span class='ocrx_word' id='word_1_246' title='bbox 1640 2379 1731 2434; x_wconf 88' lang='grc' dir='ltr'><strong><em>καὶ</em></strong></span> <span class='ocrx_word' id='word_1_247' title='bbox 1749 2381 1952 2449; x_wconf 90' lang='grc' dir='ltr'><strong><em>μένον-</em></strong></span> 
     </span>
    </p>
   </div>
   <div class='ocr_carea' id='block_1_6' title="bbox 224 2454 2020 2532">
    <p class='ocr_par' dir='ltr' id='par_1_7' title="bbox 224 2454 2020 2532">
     <span class='ocr_line' id='line_1_29' title="bbox 224 2454 2020 2532; baseline -0.001 -18"><span class='ocrx_word' id='word_1_248' title='bbox 224 2475 258 2514; x_wconf 85' lang='grc' dir='ltr'>Ε</span> <span class='ocrx_word' id='word_1_249' title='bbox 288 2480 375 2523; x_wconf 90' lang='grc' dir='ltr'><strong><em>τες</em></strong></span> <span class='ocrx_word' id='word_1_250' title='bbox 391 2454 428 2528; x_wconf 76' lang='grc' dir='ltr'><strong><em>ἦ</em></strong></span> <span class='ocrx_word' id='word_1_251' title='bbox 446 2456 884 2529; x_wconf 72' lang='grc' dir='ltr'><strong><em>ἀναστρέφοντες</em></strong></span> <span class='ocrx_word' id='word_1_252' title='bbox 907 2494 969 2502; x_wconf 94' lang='grc'><strong>-</strong></span> <span class='ocrx_word' id='word_1_253' title='bbox 993 2461 1095 2515; x_wconf 85' lang='grc' dir='ltr'><strong><em>εἰσὶ</em></strong></span> <span class='ocrx_word' id='word_1_254' title='bbox 1113 2459 1220 2530; x_wconf 81' lang='grc' dir='ltr'><strong><em>γάρ</em></strong></span> <span class='ocrx_word' id='word_1_255' title='bbox 1242 2460 1353 2515; x_wconf 87' lang='grc' dir='ltr'><strong><em>πού</em></strong></span> <span class='ocrx_word' id='word_1_256' title='bbox 1370 2481 1540 2532; x_wconf 90' lang='grc' dir='ltr'><strong><em>τινες,</em></strong></span> <span class='ocrx_word' id='word_1_257' title='bbox 1573 2462 1615 2515; x_wconf 76' lang='grc' dir='ltr'><strong><em>ω</em></strong></span> <span class='ocrx_word' id='word_1_258' title='bbox 1634 2459 1840 2530; x_wconf 83' lang='grc' dir='ltr'><strong><em>Λάχης,</em></strong></span> <span class='ocrx_word' id='word_1_259' title='bbox 1862 2459 1953 2514; x_wconf 83' lang='grc' dir='ltr'><strong><em>καὶ</em></strong></span> <span class='ocrx_word' id='word_1_260' title='bbox 2012 2489 2020 2492; x_wconf 87' lang='grc'>-</span> 
     </span>
    </p>
   </div>
   <div class='ocr_carea' id='block_1_7' title="bbox 289 2538 1369 2693">
    <p class='ocr_par' dir='ltr' id='par_1_8' title="bbox 289 2538 1369 2693">
     <span class='ocr_line' id='line_1_30' title="bbox 289 2538 1043 2624; baseline 0.003 -30"><span class='ocrx_word' id='word_1_261' title='bbox 289 2542 349 2594; x_wconf 84' lang='grc' dir='ltr'><strong><em>ἐν</em></strong></span> <span class='ocrx_word' id='word_1_262' title='bbox 371 2550 481 2603; x_wconf 76' lang='grc' dir='ltr'><strong><em>τοῖς</em></strong></span> <span class='ocrx_word' id='word_1_263' title='bbox 502 2540 768 2604; x_wconf 90' lang='grc' dir='ltr'><strong><em>τοιούτοις</em></strong></span> <span class='ocrx_word' id='word_1_264' title='bbox 789 2538 1043 2624; x_wconf 43' lang='grc' dir='ltr'><strong><em>ἀνδρεῖοι..</em></strong></span> 
     </span>
     <span class='ocr_line' id='line_1_31' title="bbox 428 2622 1369 2693; baseline 0 -18"><span class='ocrx_word' id='word_1_265' title='bbox 428 2625 546 2675; x_wconf 91' lang='grc' dir='ltr'><strong><em>ΛΑ.</em></strong></span> <span class='ocrx_word' id='word_1_266' title='bbox 601 2623 710 2676; x_wconf 86' lang='grc' dir='ltr'><strong><em>Καὶ</em></strong></span> <span class='ocrx_word' id='word_1_267' title='bbox 729 2622 973 2693; x_wconf 79' lang='grc' dir='ltr'><strong><em>σφόδρα,</em></strong></span> <span class='ocrx_word' id='word_1_268' title='bbox 996 2625 1038 2677; x_wconf 76' lang='grc' dir='ltr'><strong><em>ὠ</em></strong></span> <span class='ocrx_word' id='word_1_269' title='bbox 1060 2622 1369 2691; x_wconf 75' lang='grc' dir='ltr'><strong><em>Σώκρατες.</em></strong></span> 
     </span>
    </p>
   </div>
   <div class='ocr_carea' id='block_1_8' title="bbox 290 2690 2017 2855">
    <p class='ocr_par' dir='ltr' id='par_1_9' title="bbox 290 2678 2020 2864">
     <span class='ocr_line' id='line_1_32' title="bbox 431 2690 2017 2774; baseline 0.001 -17"><span class='ocrx_word' id='word_1_270' title='bbox 431 2707 555 2757; x_wconf 71' lang='grc' dir='ltr'><strong><em>ΣΩ.</em></strong></span> <span class='ocrx_word' id='word_1_271' title='bbox 615 2699 843 2757; x_wconf 80' lang='grc' dir='ltr'><strong><em>Οὐκοῦν</em></strong></span> <span class='ocrx_word' id='word_1_272' title='bbox 863 2701 1107 2772; x_wconf 81' lang='grc' dir='ltr'><strong><em>ἀνδρεῖοι</em></strong></span> <span class='ocrx_word' id='word_1_273' title='bbox 1125 2703 1228 2774; x_wconf 76' lang='grc' dir='ltr'><strong><em>μὲν</em></strong></span> <span class='ocrx_word' id='word_1_274' title='bbox 1246 2702 1446 2767; x_wconf 84' lang='grc' dir='ltr'><strong><em>πάντες</em></strong></span> <span class='ocrx_word' id='word_1_275' title='bbox 1464 2694 1625 2757; x_wconf 80' lang='grc' dir='ltr'><strong><em>οὗτοί</em></strong></span> <span class='ocrx_word' id='word_1_276' title='bbox 1644 2706 1809 2772; x_wconf 75' lang='grc' dir='ltr'><strong><em>εἰσιν,</em></strong></span> <span class='ocrx_word' id='word_1_277' title='bbox 1839 2700 1952 2758; x_wconf 88' lang='grc' dir='ltr'><strong><em>ἀλλ’</em></strong></span> <span class='ocrx_word' id='word_1_278' title='bbox 2015 2690 2017 2708; x_wconf 19' lang='grc' dir='ltr'>ἲ</span> 
     </span>
     <span class='ocr_line' id='line_1_33' title="bbox 290 2780 1952 2855; baseline 0 -17"><span class='ocrx_word' id='word_1_279' title='bbox 290 2785 461 2852; x_wconf 78' lang='grc' dir='ltr'><strong><em>οἱμὲν</em></strong></span> <span class='ocrx_word' id='word_1_280' title='bbox 493 2786 552 2838; x_wconf 87' lang='grc' dir='ltr'><strong><em>ἐν</em></strong></span> <span class='ocrx_word' id='word_1_281' title='bbox 582 2781 832 2855; x_wconf 78' lang='grc' dir='ltr'><strong><em>ἡδοναῖς,</em></strong></span> <span class='ocrx_word' id='word_1_282' title='bbox 870 2787 925 2839; x_wconf 77' lang='lat' dir='ltr'><strong><em>oc</em></strong></span> <span class='ocrx_word' id='word_1_283' title='bbox 944 2782 996 2838; x_wconf 80' lang='grc' dir='ltr'><strong><em>δ’</em></strong></span> <span class='ocrx_word' id='word_1_284' title='bbox 1019 2787 1078 2839; x_wconf 84' lang='grc' dir='ltr'><strong><em>ἐν</em></strong></span> <span class='ocrx_word' id='word_1_285' title='bbox 1111 2784 1328 2852; x_wconf 87' lang='grc' dir='ltr'><strong><em>λύπαις,</em></strong></span> <span class='ocrx_word' id='word_1_286' title='bbox 1372 2786 1427 2837; x_wconf 76' lang='grc' dir='ltr'><strong><em>οἱ</em></strong></span> <span class='ocrx_word' id='word_1_287' title='bbox 1454 2780 1507 2837; x_wconf 81' lang='grc' dir='ltr'><strong><em>δ’</em></strong></span> <span class='ocrx_word' id='word_1_288' title='bbox 1531 2783 1591 2837; x_wconf 80' lang='grc' dir='ltr'><strong><em>ἐν</em></strong></span> <span class='ocrx_word' id='word_1_289' title='bbox 1619 2784 1952 2853; x_wconf 83' lang='grc' dir='ltr'><strong><em>ἐπιθυμίαις,</em></strong></span> 
     </span>
    </p>
   </div>
  </div>
 </body>
</html>
