2020 3094
926 0 982 22 fv
1004 1 1011 15 -1
1039 0 1043 2 ’
1069 0 1922 36 sngquwwwwvwm
1947 17 1953 19 -

1201 32 1203 34 “
1264 33 1265 37 ’
1311 41 1313 43 .
1408 44 1412 49 ,
1462 33 1494 41 ’ν
1536 35 1539 37 >
1607 30 1645 45 „t
1705 47 1708 50 ,
1747 39 1749 42 ι
1788 31 1830 46 A.
1863 34 1924 49 1,-..1-
1952 27 1958 34 “
1991 30 1994 34 ”

273 162 375 214 154
437 210 457 214 ff.
890 159 1357 208 HAATfflvoz
1447 118 1450 119 ⁷
1885 168 1944 211 66

209 311 242 351 D
272 319 361 354 ται
377 294 598 369 ἀρετήν,
623 293 1008 350 ἀποδέδεικταί
1021 308 1124 361 σοι,
1145 284 1190 346 ὦ
1210 289 1530 362 Σώκρατες,
1553 293 1781 363 ἱκανῶς,
1803 292 1878 359 ὥς
1896 292 1940 364 γ’

273 381 391 450 ἐμοὶ
411 383 678 449 φαίνεται.

408 465 544 515 XIV.
594 457 711 512 ”En
731 455 798 527 δὴ
830 454 993 526 λοιπὴ
1026 452 1226 523 ἀπορία
1256 456 1429 524 ἐστίν,
1468 452 1538 525 ἣν
1566 453 1790 527 ἀπορεῖς
1818 458 1942 527 περὶ

271 547 383 595 τῶν
404 539 630 610 ἀνδρῶν
648 545 761 593 τῶν
782 537 1042 608 ἀγαθῶν,
1071 542 1127 592 τί
1143 537 1344 607 δήποτε
1370 539 1426 591 οἰ
1442 535 1642 607 ἄνδρες
1663 542 1716 592 οἰ
1736 537 1942 608 ἀγαθοὶ

273 621 338 677 τά
358 625 459 692 μὲν
479 621 618 676 ἄλλα
638 617 767 684 τοὺς
790 618 974 675 αὑτῶν
993 622 1128 683 υἱεῖς
1147 617 1521 688 διδάσκουσιν,
1544 616 1579 673 ὁὶ
1598 619 1944 675 διδασκάλων

274 708 465 774 ἔχεται,
487 704 578 757 καὶ
602 701 815 772 σοφοὺς
834 707 1121 770 ποιοῦσιν,
1151 697 1223 770 ἣν
1243 699 1301 754 δὲ
1322 697 1476 755 αὐτοὶ
1498 700 1699 772 ἀρετὴν
1721 701 1947 772 ἀγαθοί,

275 782 508 848 οὐδενὸς
538 789 787 855 βελτίους
807 789 1042 839 ποιοῦσι.
1066 781 1270 836 τούτου
1291 780 1356 852 δὴ
1378 785 1528 852 πέρι,
1569 776 1611 837 ὦ
1631 782 1943 853 Σώκρατες,

275 864 461 921 οὐκέτι
488 864 679 936 μῦθόν
712 883 798 920 σοι
828 867 961 935 ε’ρῶ,
1000 861 1139 918 ἀλλά
1175 862 1358 932 λόγον.
1400 857 1506 918 ὦδε
1525 863 1631 934 γὰρ
1653 864 1944 935 ἐννόησον·

212 963 246 1003 Ε
278 948 515 1018 πότερον
542 951 654 1002 ἔστι
680 969 732 1001 τι
766 949 856 1018 ἕν,
894 942 930 1017 ἦ
959 943 1062 1000 οὐκ
1095 950 1269 1016 ἔστιν,
1309 937 1378 1000 οὗ
1405 944 1708 1016 ἀναγκαῖον
1737 946 1946 1011 πάντας

274 1029 405 1094 τοὺς
426 1034 647 1093 πολίτας
667 1030 925 1099 μετέχειν,
948 1035 1098 1095 εἴπερ
1118 1029 1301 1097 μέλλει
1320 1028 1477 1092 πόλις
1497 1026 1659 1092 εἷναις
1688 1030 1749 1082 ἐν
1766 1027 1944 1100 τούτῳ

275 1110 382 1183 γὰρ
402 1111 539 1181 αὕτη
561 1111 745 1166 λύεται
762 1109 795 1182 ἡ
815 1110 1044 1180 ἀπορία,
1085 1108 1155 1181 ἢν
1175 1108 1246 1165 σὺ
1266 1108 1515 1180 ἀπορεῖς,
1552 1106 1588 1179 ἢ
1615 1109 1816 1165 ἄλλοθι
1846 1107 1948 1164 οὐ-

277 1197 471 1264 δαμοῦ.
510 1197 559 1248 εἰ
584 1194 686 1263 μὲν
713 1191 819 1263 γὰρ
851 1198 964 1248 ἔστι
993 1193 1083 1247 καὶ
1101 1190 1266 1247 τοῦτό
1287 1193 1398 1246 ἐστι
1416 1190 1476 1246 τὸ
1497 1194 1556 1246 ἓν
1576 1189 1643 1245 οὐ
1661 1190 1945 1262 τεκτονικὴ

158 1282 244 1326 325
276 1273 406 1330 οὐδὲ
421 1279 642 1345 χαλκεία
657 1272 788 1330 οὐδὲ
806 1279 1083 1345 κεραμεία,
1107 1270 1245 1327 ἀλλά
1266 1273 1590 1343 δικαιοσύνη
1610 1275 1700 1351 καὶ
1724 1289 1948 1343 σωφρο-

278 1355 417 1426 σύνη
438 1357 529 1411 καὶ
546 1353 607 1411 τὸ
631 1353 787 1410 ὅσιον
807 1354 973 1425 εἶναι,
1013 1357 1103 1409 καὶ
1133 1354 1450 1425 συλλήβδην
1481 1357 1542 1409 ἓν
1571 1353 1704 1409 αὐτὸ
1735 1370 1949 1425 προσα-

276 1437 492 1507 γορεύω
516 1435 655 1492 εἶναι
674 1435 878 1505 ἀνδρὸς
897 1434 1121 1506 ἀρετήν·
1165 1440 1213 1491 εἰ
1230 1434 1382 1490 τοῦτ’
1403 1437 1575 1505 ἐστίν,
1616 1429 1687 1491 οὗ
1707 1440 1794 1491 δεῖ
1806 1435 1949 1491 πάν-

276 1539 371 1582 τας
389 1522 629 1589 μετέχειν
648 1519 739 1573 καὶ
758 1515 892 1588 μετὰ
909 1517 1113 1572 τούτου
1129 1516 1287 1572 πάντ’
1308 1517 1503 1588 ἄνδρα,
1525 1517 1622 1572 ε’άν
1637 1539 1688 1572 τι
1705 1519 1796 1573 καὶ
1815 1516 1944 1573 ἄλλο

278 1600 545 1670 βούληται
564 1600 877 1671 μανθάνειν
895 1595 932 1670 ἢ
951 1599 1238 1669 πράττειν,
1262 1597 1408 1654 οὕτω
1428 1599 1714 1669 πράττειν,
1734 1597 1870 1654 ἄνευ
1892 1600 1950 1654 δὲ

276 1682 480 1737 τούτου
510 1683 614 1753 μή,
656 1678 692 1752 ἦ
721 1682 818 1737 τὸν
849 1680 921 1752 μὴ
949 1684 1242 1752 μετέχοντα
1262 1681 1352 1736 καὶ
1372 1681 1651 1736 διδάσκειν
1670 1682 1760 1740 καὶ
1779 1679 1950 1735 κολά-

277 1767 415 1834 ζειν,
454 1766 545 1819 καὶ
566 1768 733 1819 παῖδα
753 1765 844 1818 καὶ
864 1763 1043 1833 ἄνδρα
1062 1764 1151 1818 καὶ
1170 1775 1433 1834 γυναῖκα,
1459 1764 1671 1833 ἕωσπερ
1694 1758 1765 1817 ἀν
1782 1769 1943 1818 κολα-

277 1843 500 1914 ζόμενος
526 1851 760 1915 βελτίων
787 1847 1039 1915 γένηται,
1081 1843 1139 1909 ὃς
1168 1843 1224 1899 δ’
1256 1841 1327 1899 ἀν
1346 1843 1417 1914 μὴ
1439 1842 1698 1917 ὑπακούῃ
1720 1844 1950 1911 κολαζό-

277 1947 440 1995 μενος
467 1927 558 1981 καὶ
590 1925 1010 1996 διδασκόμενος,
1042 1924 1114 1990 ὡς
1133 1924 1360 1980 ἀνίατον
1381 1923 1514 1979 ὄντα
1533 1930 1732 1979 τοῦτον
1749 1925 1950 1995 ἐκβάλ-

216 2027 247 2065 Β
279 2015 393 2062 λειν
412 2010 471 2062 ἐκ
489 2014 602 2062 τῶν
621 2008 838 2062 πόλεων
853 2003 890 2078 ἢ
908 2005 1253 2062 ἀποκτείνειν
1267 2028 1278 2039 ·
1303 2011 1353 2062 εί
1369 2004 1515 2061 οὕτω
1535 2006 1636 2076 μὲν
1657 2009 1778 2077 ἔχει,
1803 2005 1947 2060 οὕτω

281 2086 330 2142 δ’
358 2086 534 2142 αὐτοῦ
554 2089 870 2159 πεφυκότος
899 2092 955 2144 οἱ
982 2086 1186 2158 ἀγαθοὶ
1218 2087 1416 2157 ἄνδρες
1437 2093 1487 2144 εἰ
1500 2088 1567 2144 τὰ
1587 2089 1688 2159 μὲν
1707 2087 1845 2143 ἄλλα
1865 2091 1949 2142 δι-

279 2170 580 2225 δάσκονται
597 2169 727 2235 τοὺς
747 2173 911 2241 υἱεῖς,
932 2176 1096 2226 τοῦτο
1121 2169 1179 2226 δὲ
1197 2171 1290 2241 μή,
1314 2173 1510 2236 σκέψαι
1532 2168 1606 2235 ὡς
1624 2174 1950 2241 θαυμασίως

278 2257 562 2322 γίγνονται
578 2254 634 2306 οἰ
650 2250 870 2322 ἀγαθοί.
903 2251 989 2307 ὅτι
1008 2252 1108 2323 μὲν
1126 2253 1232 2322 γὰρ
1251 2250 1510 2308 διδακτὸν
1530 2251 1663 2307 αὐτὸ
1684 2249 1949 2323 ἡγοῦνται

277 2336 369 2389 καὶ
401 2338 511 2405 ἰδίᾳ
547 2335 638 2389 καὶ
674 2338 934 2408 δημοσία,
975 2333 1334 2405 ἀπεδείξαμεν
1349 2356 1360 2366 ·
1399 2337 1662 2390 διδακτοῦ
1697 2337 1755 2389 δὲ
1790 2333 1949 2398 ὄντος

277 2418 367 2471 καὶ
389 2422 745 2486 θεραπευτοῦ
774 2414 839 2470 τά
869 2417 970 2487 μὲν
989 2415 1128 2472 ἄλλα
1149 2415 1256 2486 ἄρα
1277 2414 1406 2481 τούς
1425 2419 1560 2480 υἱεῖς
1580 2413 1947 2486 διδάσκονται,
2019 2438 2020 2451 ¹

277 2496 369 2567 ἐφ’
407 2494 487 2562 οἷς
514 2496 618 2552 οὐκ
648 2501 761 2552 ἔστι
788 2498 1034 2562 θάνατος
1069 2495 1104 2569 ἡ
1144 2503 1327 2569 ζημία,
1367 2496 1465 2554 ἐὰν
1497 2495 1571 2568 μὴ
1609 2499 1946 2565 ἐπίστωνται,
2012 2514 2013 2517 ’

277 2576 369 2647 ἐφ’
401 2574 443 2650 ᾧ
474 2579 532 2633 δὲ
559 2577 597 2648 ἥ
626 2600 683 2633 τε
714 2583 872 2649 ζημία
891 2580 1139 2644 θάνατος
1159 2578 1344 2635 αὐτῶν
1362 2591 1474 2643 τοῖς
1494 2580 1647 2634 παισὶ
1666 2581 1756 2634 καὶ
1776 2581 1949 2650 φυγαὶ

216 2681 248 2724 0
278 2657 349 2729 μὴ
371 2666 618 2727 μαθοῦσι
642 2660 779 2729 μηδὲ
804 2668 1234 2729 θεραπευθεῖσιν
1253 2667 1327 2726 εἰς
1345 2659 1574 2732 ἀρετήν,
1610 2660 1856 2732 καὶπρὸς
1872 2666 1947 2735 τῷ

277 2739 508 2811 θανάτῳ
536 2740 832 2810 χρημάτων
859 2764 917 2796 τε
947 2743 1237 2813 δημεύσεις
1265 2745 1355 2798 καὶ
1385 2739 1456 2806 ὡς
1475 2746 1603 2807 ἔπος
1623 2748 1795 2798 εἰπεῖν
1821 2747 1950 2808 ξυλ-

277 2820 489 2891 λήβδην
507 2826 619 2875 τῶν
639 2829 809 2877 οἴκων
828 2820 1150 2894 ἀνατροπαί,
1172 2830 1343 2879 ταῦτα
1365 2821 1414 2878 δ’
1438 2823 1547 2892 ἄρα
1567 2822 1636 2880 οὐ
1657 2824 1952 2880 διδάσκον-
2004 2853 2005 2856 “
