1962 3112
1386 0 1436 19 ,νῦ
1463 4 1466 5 ⁷
1488 0 1496 3 ν
1510 0 1516 3 -
1531 0 1537 11 χ
1557 0 1593 22 :2-
1608 0 1662 28 μέντ’,
1674 0 1734 26 lit-:vg
1745 0 1855 31 νίζε-ἅςῖὖ

140 131 242 185 174
738 134 1207 182 ΠΛΑΤΩΝΟΣ
1751 142 1818 186 86

141 277 214 330 ως
234 261 334 322 τοῦ
355 271 544 323 δεινοῦ
563 273 741 323 κακοῦ
760 265 933 331 ὄντος.
989 274 1120 330 ἴσως
1140 288 1246 322 ουν
1274 269 1365 322 καὶ
1391 265 1454 323 τὸ
1475 275 1718 339 χαλεπον
1737 262 1817 323 αὖ

140 351 198 403 οἰ
226 351 381 404 Κεῖοι
419 351 509 405 καὶ
544 347 572 405 ὁ
609 351 924 419 Σιμωνίδης
964 343 997 418 ἢ
1032 346 1208 403 κακὸν
1245 346 1735 421 ὑπολαμβάνουσιν
1772 346 1813 421 ἢ

142 429 277 486 ἄλλο
297 454 347 485 τι
367 429 399 486 ὃ
417 429 489 485 σὺ
510 428 579 485 οὐ
596 430 928 500 μανθάνεις·
966 431 1223 502 ἐρώμεθα
1253 434 1358 486 οὐν
1376 431 1686 500 Πρόδικον·
1725 435 1807 487 δί-

142 534 302 567 καιον
320 511 428 582 γὰρ
449 513 551 583 την
571 516 893 583 Σιμωνίδου
913 511 1111 583 φωνὴν
1129 520 1330 568 τοῦτον
1348 516 1582 586 ἐρωτᾶν·
1621 536 1674 569 τι
1665 518 1810 569 ’ἕλε-

83 603 112 643 0
141 616 266 664 γεν,
310 589 354 649 ὦ
380 596 656 665 Πρόδικε,
695 593 756 648 τό
790 592 1030 664 χαλεπὸν
1057 598 1396 666 Σιμωνίδης;
1433 596 1652 663 Κακόν,
1688 599 1812 665 ἔφη.

139 675 250 732 Διά
269 675 416 732 ταῦτ’
440 677 549 748 ἄρα
569 679 660 733 καὶ
680 681 976 748 μέμφεται,
1006 670 1080 747 ἦν
1101 675 1152 731 δ’
1179 679 1316 749 ἐγώ,
1347 671 1394 733 ὦ
1411 678 1681 747 Πρόδικε,
1713 676 1814 732 τὸν

138 758 416 814 Πιττακὸν
438 763 665 830 λέγοντα
683 759 926 830 χαλεπὸν
952 758 1162 815 ἐσθλὸν
1183 765 1408 831 ἔμμεναι
1422 802 1437 832 ,
1470 760 1654 828 ὥσπερ
1674 757 1745 816 ἂν
1766 764 1817 815 εἰ

139 840 345 913 ἤκουεν
377 840 554 897 αὐτοῦ
579 845 834 912 λέγοντος
863 841 947 897 ὅτι
982 844 1096 897 ἐστὶ
1126 841 1300 898 κακὸν
1330 841 1539 899 ἐσθλὸν
1570 848 1811 913 ἔμμεναι.

133 920 296 981 Ἀλλά
317 930 373 979 τί
386 933 514 995 οἴει,
538 929 661 995 ἔφη,
684 928 887 996 λέγειν,
911 918 954 979 ὦ
977 924 1299 996 Σώκρατες,
1331 931 1654 996 Σιμωνίδην
1675 923 1809 981 ἄλλο

139 1003 179 1077 ἥ
196 1012 358 1061 τοῦτο
375 1049 389 1075 ,
418 1008 509 1062 καὶ
540 1004 827 1072 ὀνειδίζειν
844 1013 923 1080 τῷ
943 1010 1212 1080 Πιττακῷ,
1235 1007 1320 1063 ὅτι
1347 1007 1414 1063 τά
1443 1006 1688 1078 ὀνόματα
1709 1006 1814 1062 οὐκ

141 1087 404 1159 ἠπίστατο
442 1087 631 1161 ὀρθῶς
667 1093 899 1158 διαιρεῖν
935 1088 1030 1144 ἅτε
1047 1092 1280 1160 Λέσβιος
1311 1086 1392 1145 ὢν
1429 1092 1518 1145 καὶ
1552 1092 1613 1145 ἐν
1650 1097 1813 1162 φωνῇ

141 1171 404 1245 βαρβάρῳ
425 1174 830 1242 τεθραμμένος;
864 1169 1108 1235 Ἀκούεις
1128 1171 1197 1242 δή
1209 1214 1224 1242 ,
1258 1177 1400 1242 ἔφην
1419 1172 1525 1242 ἐγώ
1536 1215 1552 1243 ,
1585 1166 1629 1228 ὦ
1646 1179 1813 1241 Πρω-

81 1263 110 1304 Ι)
144 1255 353 1324 ταγόρα
365 1297 378 1323 ,
403 1258 684 1323 Προδίκου
704 1258 882 1310 τοῦδε.
923 1259 1061 1323 ἔχεις
1078 1275 1129 1308 τι
1148 1254 1286 1323 πρὸς
1304 1261 1474 1309 ταῦτα
1493 1258 1702 1325 λέγειν;
1724 1257 1812 1310 καὶ

142 1335 170 1392 ὁ
193 1337 585 1408 Πρωταγόρας,
610 1344 836 1392 Πολλοῦ
856 1359 917 1407 γε
939 1342 1036 1403 δεῖ,
1065 1340 1187 1406 ἔφη,
1211 1335 1387 1401 οὕτως
1407 1341 1575 1408 ἔχειν,
1597 1331 1641 1392 ὦ
1659 1338 1812 1407 Πρό·

147 1422 263 1474 δικε
278 1440 288 1450 ·
325 1417 441 1474 ἀλλ’
462 1418 566 1489 ἐγώ
592 1413 656 1474 εὖ
672 1418 756 1474 οἶδ
765 1417 777 1438 ’
799 1417 884 1475 ὅτι
911 1419 1003 1474 καὶ
1020 1422 1338 1489 Σιμωνίδης
1355 1419 1417 1473 τὸ
1437 1419 1679 1488 χαλεπὸν
1698 1424 1815 1474 ἔλε-

144 1522 242 1570 γεν
262 1498 398 1572 ὅπερ
418 1498 571 1571 ἡμεῖς
591 1505 645 1556 οἰ
663 1501 837 1571 ἄλλοι,
860 1499 928 1557 οὐ
949 1498 1008 1556 τό
1033 1500 1223 1569 κακόν,
1245 1497 1358 1556 ἀλλ’
1382 1497 1412 1557 ὃ
1432 1496 1505 1556 ἄν
1522 1499 1595 1573 μὴ
1617 1503 1817 1574 ῥᾴδιον

144 1578 180 1655 ᾗ
192 1626 207 1653 ,
239 1581 376 1639 ἀλλὰ
398 1584 487 1638 διὰ
511 1591 734 1640 πολλῶν
752 1583 1090 1654 πραγμάτων
1110 1589 1374 1652 γίγνηται.
1422 1580 1578 1638 Ἀλλά
1597 1585 1687 1639 καὶ
1707 1582 1812 1654 ἐγώ

145 1665 319 1736 οἶμαι,
342 1671 511 1738 ἔφην,
535 1660 579 1722 ὦ
600 1665 957 1737 Πρωταγόρα,
979 1670 1141 1720 τοῦτο
1158 1668 1337 1735 λέγειν
1356 1670 1704 1738 Σιμωνίδην,
1725 1667 1815 1722 καὶ

142 1749 390 1818 Πρόδικό
396 1773 427 1804 ν
457 1771 519 1819 γε
550 1750 714 1805 τόνδε
750 1753 980 1816 εἰδέναι,
1024 1746 1163 1803 ἀλλὰ
1203 1753 1410 1814 παίζειν
1449 1751 1540 1804 καὶ
1576 1755 1682 1803 σοῦ
1719 1753 1815 1803 δο-

143 1842 262 1887 κεῖν
299 1830 736 1902 ἀποπειρᾶσθαι,
777 1836 828 1887 εί
853 1829 965 1895 οἷός
993 1827 1034 1884 τ’
1057 1836 1167 1885 ἔσει
1184 1837 1261 1903 τῷ
1282 1836 1491 1885 σαυτοῦ
1511 1830 1658 1904 λόγῳ
1677 1836 1819 1902 βοη-

80 1925 111 1966 E
143 1922 295 1969 θεῖν·
334 1912 497 1969 ἐπεὶ
476 1912 561 1968 ότι
589 1935 652 1983 γε
670 1917 986 1984 Σιμωνίδης
1007 1910 1075 1968 οὐ
1105 1914 1248 1981 λέγει
1267 1910 1326 1967 τὸ
1357 1911 1599 1982 χαλεπὸν
1617 1913 1813 1984 κακόν,

143 1999 280 2067 μέγα
302 1995 601 2066 τεκμήριόν
628 1998 778 2051 ἐστιν
808 1994 984 2061 εὐθὺς
1012 1993 1072 2050 τὸ
1096 2017 1230 2065 μετα
1259 1999 1424 2049 τοῦτο
1455 1996 1627 2064 ῥῆμα·
1670 1998 1814 2065 λέγει

144 2100 251 2148 γαρ
271 2076 355 2133 ὅτι

483 2163 619 2226 θεὸς
635 2182 709 2217 αν
726 2160 896 2232 μόνος
914 2157 1055 2217 τοῦτ’
1079 2165 1191 2231 ἔχοι
1209 2162 1385 2230 γέρας.

146 2240 215 2298 οὐ
234 2243 418 2314 δήπου
435 2243 601 2300 τοῦτό
630 2265 693 2314 γε
722 2244 927 2314 λέγων,
969 2241 1144 2300 κακὸν
1172 2244 1379 2299 ἐσθλὸν
1410 2249 1664 2314 ἔμμεναι,
1702 2241 1815 2297 εἶτα

144 2324 243 2383 τὸν
272 2325 415 2381 θεόν
443 2343 580 2397 φησι
617 2326 794 2397 μόνον
829 2333 992 2381 τοῦτο
1029 2322 1100 2381 ἄν
1128 2330 1269 2396 ἔχειν
1297 2328 1389 2382 καὶ
1416 2332 1492 2398 τῷ
1511 2331 1631 2399 θεῷ
1649 2330 1811 2379 τοῦτο
1863 2384 1866 2388 ,

145 2408 308 2476 γέρας
327 2405 584 2479 ἀπένειμε
601 2407 754 2483 μόνω
770 2431 781 2440 ·
822 2408 1132 2464 ἀκόλαστον
1149 2405 1256 2476 γὰρ
1295 2406 1366 2461 ἄν
1399 2428 1521 2460 τινα
1540 2408 1689 2475 λέγοι
1707 2412 1812 2460 Σι-

146 2493 395 2561 μωνίδην
410 2492 688 2561 Πρόδικος
716 2495 806 2548 καὶ
834 2491 1091 2561 οὐδαμῶς
1110 2493 1292 2545 Κεῖον.
1348 2486 1459 2544 ἄλλ’
1483 2486 1521 2542 ἅ
1551 2510 1643 2558 μοι
1662 2491 1815 2543 δοκεῖ

147 2575 492 2629 διανοεῖσθαι
511 2579 824 2647 Σιμωνίδης
853 2578 912 2631 ἐν
941 2573 1119 2646 τούτῳ
1149 2580 1224 2647 τῷ
1256 2572 1482 2645 ᾄσματι,
1520 2574 1694 2626 ἐθέλω
1724 2590 1810 2625 σοι

33 2661 116 2706 342
148 2659 336 2725 εἰπεῖν,
358 2661 409 2711 εἰ
422 2657 612 2727 βούλει
632 2664 822 2728 λαβεῖν
838 2679 948 2728 μου
967 2668 1162 2725 πεῖραν
1181 2655 1330 2719 ὅπως
1350 2659 1477 2724 ἔχω,
1499 2650 1530 2708 ὃ
1547 2650 1618 2707 σὺ
1637 2654 1810 2722 λέγεις

147 2744 310 2794 τοῦτο
325 2781 340 2807 ,
379 2741 502 2809 περὶ
520 2742 692 2793 ἐπῶν·
729 2737 828 2794 ἐὰν
848 2741 906 2794 δὲ
925 2739 1130 2812 βούλῃ,
1172 2743 1273 2793 σοῦ
1295 2735 1619 2806 ἀκούσομαι.
1658 2733 1686 2790 ὁ
1707 2735 1808 2806 μὲν

147 2812 256 2875 οὖν
282 2820 658 2892 Πρωταγόρας
687 2819 932 2886 ἀκούσας
959 2843 1069 2892 μου
1097 2827 1268 2876 ταῦτα
1304 2820 1587 2890 λέγοντος,
1631 2822 1702 2874 Εἰ
1738 2815 1809 2871 σύ
