1962 3112
234 119 338 175 276
848 125 1016 172 HAA
1031 123 1315 173 ΤΩΝΟΣ
1861 134 1918 181 7⁸

379 261 551 312 ΚΑΛ.
608 255 773 310 Πάνυ
791 277 869 324 γε.

377 343 502 392 ΣΩ.
549 335 793 406 Ἀγαθὸν
812 338 871 394 δὲ
891 332 965 393 αὖ
983 338 1083 395 τὸν
1099 343 1390 409 χαίροντας

377 423 549 473 ΚΑΛ.
605 424 733 474 Ναί.

378 505 503 555 ΣΩ.
560 498 754 556 Κακόν
776 502 835 556 δὲ
856 499 957 557 τόν
976 498 1314 573 ἆνιώμενον;

375 588 548 639 ΚΑΛ.
599 582 848 656 Ἀνάγκη.

377 670 500 719 Σῼ.
553 662 843 721 Ἀνιᾶσθαι
863 665 921 721 δὲ
941 668 1032 721 καὶ
1049 672 1257 737 χαίρειν
1275 665 1374 722 τὸν
1393 664 1614 738 ἀγαθὸν
1627 669 1718 724 καὶ
1738 668 1912 725 κακὸν

239 745 467 819 ὁμοίως,
489 756 620 813 ἴσως
640 751 697 803 δὲ
715 751 805 804 καὶ
823 755 1034 820 μᾶλλον
1053 748 1152 805 τὸν
1173 749 1376 817 κακόν,

375 836 546 887 ΚΑΛ.
608 837 736 887 Ναί.

381 920 506 969 ΣΩ.
566 912 796 971 Οὐκοῦν
816 913 1014 986 ὁμοίως
1032 921 1275 986 γίγνεται
1304 914 1441 972 κακὸ
1449 939 1474 981 ς
1492 919 1582 971 καὶ
1603 915 1815 987 ἀγαθὸς
1834 923 1909 990 τῷ

179 1010 210 1051 Β
245 993 446 1070 ἀγαθῷ
463 992 500 1067 ἢ
530 998 620 1053 καὶ
637 1003 850 1067 μᾶλλον
869 996 1082 1068 ἀγαθὸς
1111 995 1140 1052 ὁ
1163 997 1357 1066 κακός;
1396 996 1464 1052 οὐ
1484 1005 1654 1053 ταῦτα
1675 1004 1910 1071 συμβαί-

243 1101 328 1134 νει
347 1080 440 1134 καὶ
460 1079 525 1133 τὰ
545 1078 788 1151 πρότερα
816 1091 1026 1151 εκεῑνα,
1064 1079 1166 1136 ἐάν
1192 1104 1272 1145 τις
1301 1079 1472 1135 ταῦτα
1501 1086 1580 1152 φῇ
1599 1081 1730 1152 ἡδέα
1746 1103 1803 1136 τε
1823 1085 1910 1137 καὶ

238 1158 429 1231 ἀγαθοὶ
450 1160 614 1226 εἶναι;
646 1160 715 1216 οὐ
735 1169 905 1217 ταῦτα
927 1160 1168 1234 ἀνάγκη,
1194 1158 1237 1218 ὦ
1253 1168 1603 1231 Καλλίκλεις,

375 1249 505 1302 LIV.
577 1250 749 1302 ΚΑΛ.
787 1244 968 1300 Πάλαι
986 1250 1072 1300 τοί
1088 1261 1191 1299 σου
1210 1243 1510 1315 ἀκροῶμαι,
1533 1237 1577 1300 ὦ
1595 1244 1907 1314 Σώκρατες,

239 1333 677 1398 καθομολογσόν,
722 1326 1146 1397 ἐνθυμούμενος
1174 1324 1285 1396 ὅτι,
1322 1322 1429 1382 κᾶν
1468 1330 1674 1392 παίζων
1709 1330 1788 1390 τίς
1824 1343 1912 1382 σοι

240 1410 383 1482 ἐνδῷ
408 1406 596 1463 ὁτιοῦν
610 1451 623 1477 ,
655 1408 859 1463 τούτου
879 1407 1115 1479 ἅσμενος
1134 1413 1239 1478 ἔχει
1260 1407 1443 1478 ὥσπερ
1463 1405 1529 1462 τά
1545 1407 1814 1478 μειράκια.
1840 1405 1912 1472 ὥς

241 1487 307 1560 δὴ
329 1486 399 1543 σὺ
420 1497 520 1545 οἰέι
540 1492 630 1560 ἐμὲ
648 1485 685 1561 ἦ
703 1490 794 1545 καὶ
823 1488 994 1545 ἄλλον
1025 1487 1285 1546 ὁντινοῦν
1304 1487 1626 1558 ἀνθρώπων
1645 1486 1745 1559 οὐχ
1763 1486 1912 1559 ἡγεῖ-

183 1575 186 1578 ’
239 1577 375 1625 σθαι
394 1568 489 1635 τὰς
512 1572 614 1641 μὲν
631 1576 880 1644 βελτίους
898 1568 1128 1643 ἡδονάς,
1150 1569 1245 1636 τὰς
1265 1571 1323 1627 δὲ
1343 1575 1571 1642 χείρους.

377 1657 503 1706 ΣΩ.
552 1650 658 1707 Ἰού
678 1652 795 1724 ἰού,
841 1646 883 1707 ὦ
905 1658 1251 1723 Καλλίκλεις,
1291 1651 1363 1718 ὡς
1382 1660 1695 1724 πανοῦργος
1719 1651 1790 1724 εἶ,
1819 1673 1903 1708 και

181 1750 213 1791 C
243 1754 337 1802 μοι
358 1731 541 1801 ὥσπερ
561 1735 713 1788 παιδὶ
740 1740 847 1805 χρῇ
863 1778 875 1800 ,
921 1734 1039 1790 τοτὲ
1068 1735 1168 1805 μὲν
1198 1729 1271 1789 αὖ
1302 1735 1533 1805 φάσκων
1559 1733 1733 1798 οὕτως
1751 1738 1907 1805 ἔχειν,

237 1816 357 1869 τοτὲ
390 1814 446 1869 δὲ
478 1815 699 1886 ἑτέρως,
738 1818 1020 1880 ἐξαπατῶν
1049 1837 1130 1885 με.
1167 1820 1344 1871 καίτοι
1371 1813 1474 1870 οὐκ
1500 1813 1656 1889 ᾤμην
1691 1837 1753 1884 γε
1788 1811 1906 1870 κατ’

240 1893 413 1966 ἀρχάς
431 1892 539 1950 ὑπὸ
564 1903 667 1950 σοῦ
688 1897 909 1961 ἑκόντος
930 1895 1070 1951 εἶναι
1088 1895 1605 1967 ἐξαπατηθήσεσθαι
1619 1938 1632 1965 ,
1657 1893 1728 1961 ὠς
1750 1895 1907 1961 ὄντος

241 1982 410 2047 φίλου
424 1998 435 2009 ·
474 1985 583 2032 νῦν
613 1978 672 2033 δὲ
691 1978 1003 2049 ἐψεύσθην,
1024 1979 1115 2034 καὶ
1136 1976 1210 2043 ὦς
1231 1982 1410 2033 ἔοικεν
1429 1975 1642 2048 ἀνάγκη
1661 1998 1755 2048 μοι
1772 1976 1904 2033 κατὰ

238 2058 595 2115 τὸν-παλαιὸν
614 2059 784 2130 λόγον
804 2059 862 2115 τὸ
885 2058 1066 2131 παρὸν
1086 2054 1149 2114 εὖ
1167 2071 1344 2116 ποιεῖν
1363 2061 1452 2115 καὶ
1470 2065 1633 2114 τοῦτο
1655 2060 1907 2129 δέχεσθαι

239 2139 300 2196 τὸ
325 2142 619 2212 διδόμενον
639 2162 788 2210 παρα
818 2149 937 2197 σοῦ.
967 2148 1081 2199 ἔστι
1100 2141 1159 2198 δε
1177 2141 1247 2215 δή
1257 2185 1272 2214 ,
1313 2139 1385 2207 ὡς
1403 2145 1607 2212 ἔοικεν,
1643 2140 1675 2196 ὁ
1693 2147 1802 2197 νῦν
1820 2141 1911 2196 λε’

235 2243 376 2293 γεις,
418 2221 502 2277 ὅτι
530 2220 733 2293 ἡδοναί
752 2226 892 2289 τινές
923 2229 1064 2280 εἰσιν
1094 2228 1155 2280 αἶ
1170 2247 1271 2295 μεν
1291 2221 1527 2294 αγαθαί,
1565 2225 1628 2278 αἱ
1643 2222 1700 2278 δὲ
1719 2225 1886 2277 κακαί
1935 2296 1938 2299 ¹

236 2306 271 2374 ἦ
291 2303 427 2373 γάρ·
413 2345 428 2371 9

376 2391 548 2440 KAA.
604 2390 730 2442 Ναί.

170 2478 206 2519 D
375 2473 501 2522 ΣΩ.
545 2460 661 2538 Ἆρ’
684 2461 787 2523 οὖν
806 2467 1014 2538 ἀγαθαὶ
1041 2467 1144 2538 μὲν
1173 2469 1231 2522 αἰ
1257 2464 1548 2538 ὠφέλιμοι,
1589 2466 1752 2521 κακαὶ
1775 2466 1834 2521 δὲ
1851 2467 1909 2520 αἰ

238 2552 530 2619 βλαβεραί;

379 2634 552 2685 ΚΑΛ.
606 2628 771 2684 Πάνυ
790 2651 865 2699 γε.

373 2715 499 2765 ΣΩ.
546 2708 832 2781 Ὠφέλιμοι
853 2713 917 2766 δέ
930 2731 990 2780 γε
1014 2712 1073 2765 αῖ
1099 2707 1320 2779 ἀγαθόν
1337 2729 1389 2764 τι
1419 2677 1707 2777 ποιοῦσαι,
1744 2707 1952 2787 κακαὶΙ

238 2795 298 2846 δὲ
316 2795 379 2847 ac
393 2792 570 2847 κακόν
588 2813 666 2847 τι·
652 2833 667 2859 ,
