1994 3100
729 131 1194 180 ΧΑΡΜΙΔΗΣ.
1778 129 1812 178 5

127 264 412 320 δύνασθαι
438 262 543 336 τὴν
573 265 826 336 κεφαλὴν
852 264 1032 335 μόνον
1067 263 1199 336 ὑγιοῖ
1227 276 1436 334 ποιεῖν,
1474 263 1589 320 ἀλλ’
1625 263 1812 336 ὥσπερ

128 355 259 412 tems
276 346 382 419 ἥδη
403 349 493 402 καὶ
514 345 586 402 σύ
606 345 848 419 ἀκήκοας
864 354 978 403 τῶν
995 346 1232 418 ἀγαθῶν
1250 353 1472 418 ἰατρῶν,
1489 346 1713 402 ἐπειδάν
1729 369 1810 411 τις

127 428 314 495 αὐτοῖς
326 433 610 503 προσέλθῃ
626 429 757 496 τοὺς
780 428 1114 502 ὀφθαλμοὺς
1132 431 1334 503 ἀλγῶν,
1350 433 1580 502 λέγουσί
1586 450 1714 499 που,
1730 428 1815 486 ὅτι

126 510 230 583 οὐχ
247 511 371 569 οἷόν
387 535 445 569 τε
464 511 670 579 αὐτούς
686 514 897 585 μόνους
916 515 1208 584 ἐπιχειρεῖν
1225 515 1356 580 τούς
1374 510 1707 586 ὀφθαλμοὺς
1726 518 1816 569 ἰοῖ-

28 642 29 663 1
128 603 290 666 σθαι,
321 594 437 652 ἀλλ’
455 594 760 666 ἀναγκαῖον
778 603 860 667 εἴη
885 595 999 666 ἅμα
1021 600 1112 654 καὶ
1131 599 1234 669 τὴν
1263 597 1513 669 κεφαλὴν
1527 595 1813 665 θεραπεύ-

126 699 236 749 ειν,
260 683 311 734 εί
326 681 513 749 μέλλοι
532 677 707 735 καὶτὰ
727 685 840 734 τῶν
858 677 1121 750 ὀμμάτων
1141 676 1206 736 εὖ
1228 685 1369 751 ἔχειν
1382 701 1394 713 ·
1424 681 1515 736 καὶ
1535 672 1610 734 αὖ
1628 676 1688 735 τὸ
1709 675 1810 750 τὴν
1841 690 1875 735 G

125 759 379 833 κεφαλὴν
401 769 619 818 οἴεσθαι
639 760 713 816 liv
732 769 914 818 ποθεν
933 769 1280 833 θεραπεῦσαι
1301 759 1478 833 αὐτὴν
1508 758 1589 832 ἐφ’
1615 765 1813 833 ἑαυτῆς

24 887 25 890 ¹
126 843 267 900 ἄνευ
286 843 424 900 ὅλου
443 851 547 900 τοῦ
566 845 819 917 σώματος
841 847 1057 918 πολλὴν
1075 844 1275 902 ἄνοιαν
1294 844 1449 901 εἶναι.
1507 847 1567 900 ἐκ
1591 841 1658 914 δὴ
1679 842 1812 898 τού-

24 922 26 936 ’
129 948 231 982 του
250 933 352 982 τοῦ
374 927 547 998 λόγου
577 932 807 995 διαίταις
839 931 925 986 ἐπὶ
942 936 1056 985 πᾶν
1073 928 1133 985 τὸ
1156 936 1312 1001 σῶμα
1329 926 1660 999 τρεπόμενοι
1677 923 1811 997 μετὰ

130 1016 235 1066 τοῦ
254 1009 394 1066 ὅλου
413 1009 474 1067 τὸ
497 1013 663 1082 μέρος
681 1014 1014 1083 ἐπιχειροῦσι
1031 1010 1369 1083 θεραπεύειν
1386 1031 1445 1066 τε
1475 1011 1567 1066 καὶ
1586 1015 1780 1066 ἰᾶσθαι
1796 1027 1808 1041 ·

124 1090 163 1165 ἢ
181 1091 286 1149 οὐκ
308 1094 554 1167 ᾔσθησαι
572 1094 658 1152 ὅτι
681 1102 856 1152 ταῦτα
873 1095 1051 1161 οὕτως
1071 1098 1295 1166 λέγουσί
1310 1115 1368 1150 τε
1388 1095 1479 1150 καὶ
1492 1098 1625 1165 ἔχεις
1643 1090 1811 1148 Πάνυ

127 1200 190 1249 γε
204 1221 220 1250 ,
242 1183 363 1250 ἔφη.
425 1178 656 1236 Οὐκοῦν
683 1189 785 1237 καλ
794 1188 867 1247 ὥς
886 1197 975 1236 σοι
994 1183 1152 1235 δοκεῖ
1166 1180 1427 1249 λέγεσθαι
1445 1179 1536 1234 καὶ
1556 1175 1811 1247 ἆποδέχει

127 1259 227 1317 τὸν
247 1261 443 1333 λόγον;
482 1263 721 1319 Πάντων
738 1264 973 1334 μάλιστα
986 1306 1001 1335 ,
1024 1268 1145 1334 ἔφη.

269 1350 332 1401 V.
409 1343 579 1417 Κάγώ
601 1343 844 1411 ἀκούσας
864 1343 1040 1402 αὐτοῦ
1071 1348 1462 1411 ἐπαινέσαντος
1489 1343 1812 1416 ἀνεθάρρη-
1843 1358 1877 1399 D

128 1427 201 1482 σοί
234 1449 320 1498 τε,
358 1435 453 1484 καί
478 1451 571 1500 μοι
590 1427 728 1485 κατὰ
749 1427 986 1501 σμικρὸν
1005 1429 1172 1485 πάλιν
1190 1425 1223 1500 ἡ
1244 1429 1533 1500 θρασύτης
1556 1431 1811 1499 ξυνηγεί-

129 1531 273 1582 ρετο,
314 1513 406 1567 καὶ
440 1511 913 1584 ἄνεζωπυρούμην
927 1536 938 1546 ·
979 1514 1070 1569 καὶ
1106 1512 1265 1568 εἷπον
1307 1518 1577 1568 Τοιοῦτον
1615 1516 1810 1566 τοίνυν

131 1595 303 1663 ἐστίν,
327 1589 372 1651 ὦ
391 1600 644 1668 Χαρμίδη
658 1639 672 1662 ,
711 1597 803 1652 καὶ
822 1594 882 1652 τό
904 1596 1107 1667 ταύτης
1125 1602 1221 1667 τῆς
1238 1598 1468 1669 ἐπῳδῆς,
1517 1598 1735 1665 ἔμαθον
1754 1590 1806 1648 δ’

130 1675 310 1748 αὐτὴν
329 1676 435 1748 ἐγώ
457 1681 572 1734 ἐκεῖ
585 1680 671 1735 ἐπὶ
692 1683 975 1749 στρατείας
987 1677 1136 1746 παρά
1156 1699 1306 1743 τινος
1316 1684 1428 1733 τῶν
1441 1683 1681 1751 Θρᾳκῶν
1696 1682 1811 1732 τῶν

129 1759 468 1831 Ζαλμόξιδος
485 1765 707 1831 ἰατρῶν,
730 1766 785 1817 οἳ
802 1764 1055 1833 λέγονται
1074 1763 1164 1818 καὶ
1185 1759 1631 1829 ἀπαθανατίζειν.
1661 1764 1812 1831 ἔλεγε

28 1863 35 1869 ·
129 1845 188 1899 δὲ
208 1842 237 1899 ὁ
259 1844 410 1917 Θρᾲξ
430 1836 621 1915 οὗτος,
644 1844 728 1900 ὅτι
745 1851 918 1900 ταῦτα
938 1844 1042 1916 μὲν
1059 1846 1234 1915 ἰατροὶ
1255 1848 1311 1900 οί
1323 1842 1609 1916 Ἕλληνες,
1648 1840 1683 1898 ἃ
1701 1849 1813 1898 νῦν

130 1923 196 1997 δὴ
217 1923 323 1996 ἐγώ
342 1930 560 1997 ἔλεγον,
582 1933 763 1993 καλῶς
781 1929 1020 1998 λέγοιεν·
1049 1925 1186 1983 ἀλλὰ
1209 1927 1502 1999 Ζάλμοξις,
1524 1931 1647 1999 ἔφη,
1670 1930 1813 1997 λέγει

129 2006 157 2064 ὁ
191 2006 451 2080 ἡμέτερος
479 2011 767 2082 βασιλεύς,
810 2008 946 2077 θεὸς
978 2009 1084 2080 ὤν,
1127 2008 1212 2066 ὅτι
1251 2009 1437 2081 ὥσπερ
1479 2007 1813 2082 ὀφθαλμούς
1869 2026 1899 2067 Ε

129 2090 268 2147 ἄνευ
286 2099 532 2164 κεφαλῆς
549 2090 619 2148 οὐ
639 2097 725 2150 δεῖ
741 2096 1028 2166 ἐπιχειρεῖν
1047 2098 1240 2151 ἰᾶσθαι
1252 2091 1383 2150 οὐδὲ
1402 2091 1655 2165 κεφαλὴν
1674 2092 1813 2148 ἄνευ
1872 2113 1874 2115 ’

131 2173 411 2247 σώματος,
453 2174 633 2242 οὕτως
652 2176 783 2235 οὐδὲ
804 2184 962 2250 σῶμα
981 2176 1122 2234 ἄνευ
1140 2182 1319 2249 ψυχῆς
1332 2220 1346 2246 ,
1378 2175 1517 2233 ἀλλὰ
1537 2182 1701 2233 τοῦτο
1722 2176 1814 2232 καὶ

130 2265 308 2314 αἱτιον
326 2266 408 2330 εἴη
425 2265 526 2316 τοῦ
542 2261 865 2332 διαφεύγειν
881 2259 1011 2327 τούς
1032 2259 1179 2329 παρὰ
1198 2257 1575 2332 τοῑςἝλλησιν
1592 2258 1814 2331 ἰατροὺς

130 2339 195 2396 τὰ
231 2339 408 2398 πολλὰ
445 2342 756 2415 νοσήματα,
796 2343 882 2399 ὅτι
916 2342 976 2399 τὸ
1016 2342 1153 2399 ὅλον
1183 2342 1441 2413 ἀγνοοῖεν
1473 2338 1546 2400 οὖ
1574 2346 1690 2400 δέοι
1709 2341 1814 2415 τὴν

20 2418 31 2454 ’·
129 2424 442 2495 ἐπιμέλειαν
463 2433 770 2496 ποιεῖσθαι,
802 2419 872 2482 οὖ
894 2425 969 2497 μὴ
990 2433 1170 2492 καλῶς
1189 2431 1408 2498 ἔχοντος
1429 2425 1710 2483 ἀδύνατον
1730 2434 1812 2498 εἴη

130 2505 191 2562 τὸ
213 2509 377 2577 μέρος
396 2501 461 2563 εὖ
480 2513 637 2579 ἔχειν.
678 2509 858 2566 πάντα
878 2508 984 2580 γὰρ
1002 2514 1106 2581 ἔφη
1128 2512 1187 2565 ἐκ
1207 2516 1303 2581 τῆς
1319 2516 1498 2582 ψυχῆς
1518 2508 1815 2582 ὡρμῆσθαι

133 2591 223 2645 καὶ
254 2590 318 2646 τὰ
359 2591 501 2647 κακὰ
538 2594 629 2649 καὶ
658 2592 724 2648 τὰ
753 2590 943 2663 ἀγαθὰ
974 2598 1049 2667 τῷ
1079 2592 1289 2664 σώματι
1319 2595 1411 2650 καὶ
1430 2595 1592 2650 παντὶ
1610 2599 1689 2670 τῷ
1709 2590 1814 2651 ἆν-

132 2673 373 2747 θριόπῳ,
413 2676 502 2730 καὶ
522 2677 740 2731 ἐκεῖθεν
761 2678 1005 2746 ἐπιρρεῖν
1035 2673 1219 2745 ὥσπερ
1243 2677 1303 2733 ἐκ
1332 2683 1429 2750 τῆς
1456 2684 1698 2750 κεφαλῆς
1728 2678 1815 2735 ἐπὶ

134 2753 200 2809 τὰ
221 2753 437 2827 ὄμματα
453 2778 465 2789 ·
500 2761 617 2813 δεῖν
645 2752 752 2814 οὖν
781 2761 958 2815 έκεῖνο
987 2761 1079 2816 καὶ
1098 2766 1323 2831 πρῶτον
1341 2762 1432 2816 καὶ
1454 2760 1688 2832 μάλιστα
1706 2768 1811 2816 θε-
1848 2768 1927 2816 157

138 2837 429 2909 ραπεύειν,
469 2843 520 2896 εί
543 2843 728 2911 μέλλει
747 2841 835 2897 καὶ
856 2839 921 2897 τά
942 2849 1038 2914 τῆς
1057 2848 1303 2914 κεφαλῆς
1322 2840 1493 2898 καὶτὰ
1518 2849 1624 2899 τοῦ
1644 2841 1818 2898 ἄλλον

15 2892 49 3100 z
