1962 3112
139 84 243 135 260
378 42 381 44 ·
745 85 1221 134 ΠΛΑΤΩΝΟΣ
1756 97 1814 142 62

279 223 401 274 ΣΩ.
466 216 543 274 Τὰ
574 224 688 273 τῶν
715 223 940 272 πολλῶν
968 215 1076 289 ἄρα
1105 217 1312 291 νόμιμα
1341 219 1408 274 τά
1437 226 1550 276 τῶν
1570 223 1812 289 κρειττό-

138 322 254 355 νων
283 301 445 355 ἐστίν.

278 387 449 437 ΚΑΛ.
504 381 670 436 Ποὶνυ
689 403 765 451 γε.

75 483 108 522 Ε
280 468 405 518 ΣΩ.
467 460 696 518 Οὐκοῦν
721 465 787 519 τοὶ
818 470 930 520 τῶν
961 465 1292 535 βελτιόνωνς
1331 469 1388 522 οἰ
1409 465 1517 536 γὰρ
1536 472 1814 538 κρείττους

142 553 389 610 Βελτίους
409 565 519 601 που
538 544 676 600 κατὰ
695 545 794 601 τὸν
813 545 916 602 σὸν
941 546 1122 617 λόγον.

280 634 449 684 ΚΑΛ.
505 633 631 683 Nus‘.

282 715 406 764 Σῼ.
466 707 695 764 Οὐκοῦν
724 710 790 764 τοὶ
821 709 1034 766 τούτων
1062 710 1269 782 νόμιμα
1302 710 1439 767 κατὰ
1460 711 1636 782 φύσιν
1654 711 1813 781 καλά,

143 792 474 861 κρειττόνων
492 813 552 860 γε
574 790 778 856 όντων;

279 880 452 930 ΚΑΛ.
506 880 665 945 Φημί.

282 962 408 1012 ΣΩ.
449 949 566 1025 Αρ’
598 959 705 1010 οὐν
733 959 788 1011 οἱ
814 959 1007 1012 πολλοὶ
1035 961 1354 1027 νομίζουσιν
1375 955 1577 1026 οὕτως,
1598 955 1673 1021 ὠς
1692 955 1816 1026 ἄρτι

143 1033 215 1094 αὖ
246 1037 317 1094 σύ
347 1042 552 1109 ἔλεγες,
593 1042 807 1094 δίκαιον
838 1037 976 1094 εἶναι
1004 1037 1063 1094 τὸ
1095 1046 1220 1094 ἴσον
1251 1043 1395 1109 ἔχειν
1414 1039 1504 1093 καὶ
1523 1035 1829 1109 αἴσχιοντὸ

28 1132 114 1179 489
141 1119 352 1177 ἀδικεῖν
380 1127 482 1176 τοῦ
509 1121 848 1188 ἆδικεῖσθαι;
889 1125 1002 1176 ἔστι
1031 1126 1203 1175 ταῦτα
1232 1116 1269 1191 ἦ
1299 1119 1396 1188 οὕς
1434 1123 1523 1175 καὶ
1557 1118 1707 1185 όπως
1742 1117 1814 1190 μὴ

145 1202 351 1259 ἁλώσει
369 1205 618 1258 ἐνταῦθα
639 1222 708 1259 συ
730 1203 1153 1274 αἰσχυνόμενος·
1190 1206 1534 1273 νομίζουσιν,
1571 1198 1607 1273 ἢ
1629 1223 1726 1270 ου,
1765 1203 1820 1256 οι

144 1287 338 1341 πολλοὶ
357 1284 418 1340 τὸ
445 1292 570 1340 ἴσον
588 1289 732 1355 ἔχειν
751 1283 877 1341 ἄλλ’
905 1282 974 1339 ού
996 1284 1055 1340 τὸ
1078 1287 1247 1340 πλέον
1280 1288 1495 1339 δίκαιον
1522 1282 1689 1354 εἶναι,
1727 1284 1813 1339 καὶ

145 1374 360 1438 αἴσχιον
388 1364 450 1421 τὸ
481 1365 693 1422 ἀδικεῖν
724 1374 825 1421 τοῦ
855 1364 1167 1422 ἀδικεῖσθαι
1179 1390 1194 1433 ;
1233 1365 1305 1437 μὴ
1339 1366 1545 1437 φθόνει
1565 1388 1656 1437 μοι
1679 1365 1813 1420 (ἕπου

145 1454 445 1518 κρίνασθαι
462 1454 654 1518 τοῦτο,
694 1454 1042 1519 Καλλίκλεις,
1081 1446 1176 1519 ἵν’,
1216 1449 1316 1503 εὀἱν
1339 1471 1432 1519 μοι
1453 1445 1814 1520 ὁμολογήσῃς,

145 1531 529 1602 βεβαιώσωμαι
549 1529 652 1600 ἤδη
674 1527 821 1600 παρὰ
841 1536 944 1585 σοῦ
958 1573 971 1599 ,
1009 1528 1105 1585 ἅτε
1136 1533 1335 1586 ἱκανοῦ
1355 1528 1559 1598 ἀνδρὸς
1580 1532 1814 1598 διαγνῶ-

145 1633 236 1666 ναι
262 1609 692 1682 ὦμολογηκότος.

287 1699 459 1748 ΚΑΛ.
511 1690 654 1748 Ἀλλ’
681 1697 810 1763 οἵγε
830 1695 1022 1749 πολλοὶ
1043 1698 1362 1765 νομίζουσιν
1381 1692 1570 1757 οὕτως.

288 1780 414 1830 ΣΩ.
475 1772 559 1830 Ού
588 1773 740 1847 νόμῳ
773 1773 880 1844 ἄρα
908 1776 1088 1846 μόνον
1118 1777 1266 1831 ἐστὶν
1293 1783 1508 1845 αἴσχιον
1527 1771 1588 1829 τὸ
1611 1771 1814 1828 ἀδικεῖν

146 1861 250 1911 τοῦ
268 1854 604 1925 ἀδικεῖσθαι,
627 1853 755 1911 οὐδὲ
775 1858 988 1911 δίκαιον
1007 1856 1066 1911 τὸ
1090 1864 1213 1912 ἴσον
1234 1861 1403 1927 ἔχειν,
1439 1853 1576 1911 ἀλλὰ
1596 1857 1685 1910 καὶ
1705 1853 1808 1925 φύ-

91 1961 124 2001 Β
153 1956 260 1992 σει·
301 1934 437 1992 ὥστε
458 1937 803 2002 κινδυνεύεις
824 1934 925 1992 οὐκ
950 1935 1135 2008 ἀληθῆ
1154 1939 1334 2007 λέγειν
1358 1939 1419 1992 ἐν
1436 1949 1549 2002 τοῖς
1568 1937 1812 2004 πρόσθεν

149 2016 279 2074 οὐδὲ
299 2017 487 2090 ὀρθῶς
506 2022 644 2090 ἐμοῦ
664 2031 989 2090 κατηγορεῖν
1007 2022 1213 2089 λέγων,
1246 2016 1329 2073 ὅτι
1352 2020 1603 2074 ἐναντίον
1621 2021 1768 2073 ἐστὶν
1789 2040 1815 2073 ο

148 2101 318 2171 νόμος
344 2102 434 2156 καὶ
462 2098 496 2171 ἡ
521 2103 715 2172 φύσις,
749 2099 783 2156 ἃ
805 2102 869 2172 δὴ
890 2103 978 2157 καὶ
1000 2100 1105 2172 ἐγώ
1127 2099 1296 2171 γνοὺς
1317 2107 1612 2171 κακουργῶ
1632 2103 1692 2156 ἐν
1709 2111 1817 2165 τοῖς

150 2183 348 2254 λόγοις,
371 2181 469 2238 ἐὰν
487 2186 588 2254 μέν
607 2206 686 2249 τις
705 2184 843 2239 κατα
864 2184 1037 2255 φύσιν
1055 2185 1204 2256 λέγῃ,
1226 2184 1312 2238 ἐπὶ
1331 2181 1428 2237 τὸν
1447 2182 1624 2254 νόμον
1643 2182 1812 2254 ἄγων,

149 2262 249 2321 ἐὰν
271 2267 334 2319 δέ
350 2287 428 2329 τις
449 2265 582 2320 κατὰ
606 2264 707 2320 τὸν
726 2267 929 2337 νόμον,
952 2268 1037 2322 ἐπὶ
1057 2265 1160 2336 τὴν
1182 2266 1368 2337 φύσιν.

290 2351 466 2402 XLIV.
539 2352 709 2403 KAA.
771 2344 974 2402 Οὑτοσὶ
993 2344 1134 2417 ἀνὴρ
1161 2345 1226 2402 ού
1247 2346 1514 2402 παύσεται
1534 2351 1817 2418 φλυαρῶν.

148 2433 266 2485 εἰπέ
281 2452 389 2500 μοι,
413 2424 458 2483 οἷ
476 2431 786 2502 Σώκρατες,
809 2427 911 2486 οὐκ
935 2431 1199 2501 αἰσχύνει,
1224 2437 1544 2502 τηλικοῦτος
1566 2428 1660 2500 ὤν,
1687 2427 1820 2485 ὀνό-

88 2532 120 2574 c
148 2533 289 2582 ματα
312 2512 594 2585 θηρεύων,
613 2515 704 2569 καὶ
724 2514 823 2569 ε’άν
840 2535 918 2577 τις
937 2512 1134 2584 ῥήματι
1155 2510 1388 2583 ἁμάρτῃ,
1410 2513 1637 2582 ἕρμαιον
1654 2517 1816 2565 τοῦτο

149 2592 503 2663 ποιούμενος;
525 2595 616 2665 ἐμὲ
635 2593 742 2666 γὰρ
763 2603 865 2650 οἴει
885 2594 1017 2651 ἄλλο
1034 2617 1084 2650 τι
1103 2597 1283 2666 λέγειν
1302 2593 1361 2650 τὸ
1384 2600 1660 2664 κρείττους
1681 2593 1819 2650 εἶναι

149 2669 185 2745 ἦ
215 2672 273 2728 τὸ
307 2680 582 2745 βελτίους;
620 2675 689 2731 ού
710 2677 876 2733 πάλαι
897 2695 983 2732 σοι
1003 2681 1170 2748 λέγω,
1193 2675 1278 2731 ὅτι
1295 2673 1501 2731 ταύτόν
1520 2697 1660 2747 φημι
1679 2674 1819 2730 εἶναι

149 2752 209 2810 τό
231 2757 447 2826 βέλτιον
470 2760 555 2812 καὶ
578 2757 638 2813 τὸ
659 2770 932 2828 κρεῖττον;
952 2754 989 2830 ἦ
1009 2766 1108 2815 οἴει
1126 2780 1192 2830 με
1211 2759 1407 2828 λέγειν,
1428 2754 1526 2812 ἐὰν
1546 2754 1818 2827 συρφετὸς
1879 2761 1887 2814 ᾖ
