2020 3094
808 156 1113 204 ΛΑΧΗΣ.
1734 154 1806 206 63

124 294 236 357 δεὶς
250 291 359 363 γὰρ
377 295 616 360 ἔκφορος
635 289 809 359 λόγου
826 299 906 330 -’
925 295 1088 363 κοινῇ
1106 288 1320 354 πάντας
1335 285 1479 359 ἡμᾶς
1498 293 1676 360 ζητεῖν
1694 289 1806 360 μά-

124 380 280 429 λιστα
304 374 408 445 μὲν
433 370 567 444 ἡμῖν
594 369 783 436 αὐτοῖς
814 369 1149 427 διδάσκαλον
1168 367 1240 436 ὥς
1262 369 1518 442 ἄριστον,
1559 369 1805 441 δεόμεθα

123 455 230 528 γάρ
243 499 258 526 ,
283 461 467 512 ἔπειτα
485 457 576 511 καὶ
595 465 710 519 τοῖς
727 458 1054 524 μειρακίοις,
1074 452 1208 525 μήτε
1229 452 1525 524 χρημάτων
1544 456 1806 524 φειδομέ-

122 559 259 603 νους
285 539 420 610 μήτε
449 537 625 593 ἄλλου
641 534 901 607 μηδενός·
940 536 1042 608 ἐᾷν
1061 538 1120 590 δὲ
1138 532 1281 606 ἡμᾶς
1302 533 1509 600 αὐτοὺς
1526 539 1697 606 ἔχειν,
1730 532 1807 600 ὡς

126 627 232 676 νῦν
249 624 473 691 ἔχομεν,
505 617 576 673 οὐ
594 616 973 690 ξυμβουλεύω.
1011 621 1063 672 εἰ
1079 619 1142 671 δέ
1157 638 1238 681 τις
1257 614 1416 687 ἡμῶν
1435 615 1807 688 καταγελάσε-

123 725 208 759 ται
223 745 239 773 ,
261 700 346 758 ὅτι
363 704 637 772 τηλικοίδε
657 697 815 763 ὄντες
835 702 911 762 εἰς
930 698 1281 753 διδασκάλων
1301 695 1565 768 ἀξιοῦμεν
1584 707 1804 774 φοιτᾷν,
1836 712 1870 754 Β

122 782 223 840 τὸν
244 781 491 855 Ὅμηρον
510 785 667 837 δοκεῖ
682 801 775 851 μοι
793 785 991 850 χρῆναι
1008 779 1453 851 προβάλλεσθαι,
1493 777 1555 845 ὃς
1573 785 1677 853 ἔφη
1699 780 1806 838 οὐκ

123 866 348 938 ἀγαθὴν
366 864 505 922 εἶναι
525 867 661 920 αἰδῶ
693 863 1010 933 κεχρημένῳ
1036 857 1199 931 ἀνδρὶ
1227 872 1499 932 παρεῖναι.
1535 865 1626 917 καὶ
1659 861 1808 934 ἡμεῖς

123 942 232 1005 οὖν
250 948 510 1012 ἐάσαντες
527 952 737 1017 χαίρειν
757 953 812 1001 εί
825 952 906 1010 τίς
922 967 973 999 τι
993 945 1121 1014 ἐρεῖ,
1142 949 1305 1016 κοινῇ
1327 941 1489 1016 ἡμῶν
1506 941 1696 1000 αὐτῶν
1714 947 1806 1002 καὶ

121 1037 237 1086 τῶν
252 1034 555 1101 μειρακίων
573 1028 883 1099 ἐπιμέλειαν
900 1026 1282 1098 ποιησαίμεθα.

262 1116 376 1167 ΛΤ.
425 1109 572 1180 Ἐμοὶ
590 1109 694 1181 μὲν
713 1106 959 1178 ἀρέσκει,
999 1101 1043 1163 ὦ
1061 1107 1385 1179 Σώκρατες,
1423 1105 1460 1163 ἃ
1482 1110 1677 1178 λέγεις·
1715 1111 1805 1164 καὶ

121 1195 327 1262 ἐθέλω,
364 1190 585 1266 ὅσῳπερ
605 1191 926 1263 γεραίτατός
955 1194 1063 1262 εἰμι
1075 1232 1091 1261 ,
1127 1188 1374 1264 τοσούτῳ
1405 1189 1807 1261 προθυμότατα

122 1277 439 1349 μανθάνειν
466 1275 600 1348 μετὰ
629 1282 744 1332 τῶν
772 1281 1096 1332 νεανίσκων.
1137 1272 1277 1330 άλλά
1306 1296 1401 1345 μοι
1419 1271 1624 1330 οὑτωσὶ
1643 1280 1805 1345 ποίη-

122 1376 226 1415 σον
241 1380 252 1390 ·
274 1356 474 1429 αὔριον
491 1359 674 1415 ἕωθεν
690 1356 900 1430 ἀφίκου
919 1360 1125 1426 οἴκαδε,
1146 1356 1238 1412 καὶ
1256 1357 1330 1428 μὴ
1352 1354 1532 1422 ἄλλως
1551 1355 1800 1430 ποιήσῃς,
1835 1371 1868 1415 G

119 1444 214 1497 ἵνα
234 1440 674 1513 βουλευσώμεθα
692 1442 817 1512 περὶ
845 1437 1036 1496 αὐτῶν
1064 1439 1304 1495 τούτων·
1342 1437 1404 1494 τό
1437 1439 1496 1496 δὲ
1525 1445 1637 1494 νῦν
1666 1437 1806 1495 εἶναι

121 1521 226 1595 τὴν
241 1527 551 1579 συνουσίαν
570 1521 933 1593 διαλύσωμεν.

264 1611 388 1663 ΣΩ.
437 1603 598 1662 Ἀλλόι
627 1604 840 1676 ποιήσω
853 1648 869 1675 ,
910 1599 955 1660 ὦ
982 1609 1262 1675 Λυσίμαχε
1274 1646 1289 1675 ,
1328 1608 1500 1659 ταῦτα
1514 1646 1528 1673 ,
1567 1604 1659 1660 καὶ
1697 1599 1808 1671 ἥξω

124 1710 273 1759 παρα
295 1691 355 1744 σὲ
368 1683 596 1755 αὔριον,
619 1685 719 1744 ἐὰν
737 1688 873 1753 θεὸς
890 1689 1072 1757 ἐθέλῃ.
