2020 3094
64 72 90 88 “
115 95 174 139 53
321 56 327 63 ’
636 60 827 131 ’ΠΡΩ
844 68 1231 131 ΤΑΓοΡΛΣ.
1699 80 1796 133 141

21 208 31 249 ³·
116 220 428 293 ἐξαπατήσῃ
452 217 623 290 ἡμᾶς,
663 215 851 285 ὥσπερ
884 219 943 271 οἰ
968 216 1093 285 περὶ
1121 213 1223 287 τὴν
1250 222 1355 271 τοῦ
1385 216 1638 285 σώματος
1669 239 1801 287 τρο-
1847 235 1850 238 ⁴

21 328 33 378 3
118 304 263 376 φήν,
296 300 326 359 ὁ
361 301 603 373 ἕμπορός
629 320 689 354 τε
717 299 809 354 καὶ
837 297 1098 369 κάπηλος.
1153 301 1244 352 καὶ
1273 295 1381 367 γὰρ
1412 291 1574 354 οὗτοί
1587 319 1698 355 που
1718 290 1799 354 οἷν
1829 311 1862 352 D

116 387 352 459 ἄγουσιν
381 383 680 456 ἀγωγίμων
700 379 829 437 οὔτε
854 378 1014 437 αὐτοὶ
1044 389 1230 437 ἴσασιν
1258 379 1291 436 3
1309 402 1362 435 τι
1381 376 1622 452 χρηστόν
1639 378 1677 453 ἦ
1695 402 1802 438 πο-

117 469 293 542 νηρὰν
312 465 516 536 περὶτὰ
537 473 717 537 σῶμα,
730 468 1020 521 ἐπαινοῦσι
1040 464 1099 520 δὲ
1121 465 1301 520 πάντα
1321 470 1654 537 πωλοῦντες,
1670 465 1801 523 οὔτε

48 604 49 608 ,
117 557 174 610 οἱ
191 551 503 623 ὠνούμενοι
531 547 654 617 παρ’
677 547 891 619 αὐτῶν,
931 548 1032 605 ἐὰν
1059 549 1134 620 μή
1154 571 1234 613 τις
1262 548 1401 621 τύχῃ
1422 549 1800 621 γυμναστικὸς

115 634 152 707 ἦ
182 634 367 703 ἰατρὸς
400 632 495 689 ὤν.
548 631 695 688 οὕτω
733 631 793 687 δὲ
824 633 915 687 καὶ
943 635 1000 686 oc
1023 628 1090 686 τά
1110 631 1412 702 μαθήματα
1441 631 1800 704 περιάγοντες

115 717 254 774 κατὰ
274 715 371 782 τάς
398 715 585 780 πόλεις
612 714 704 769 καὶ
723 719 1040 776 πωλοῦντες
1069 713 1160 767 καὶ
1180 713 1588 783 καπηλεύοντες
1616 722 1696 786 τῷ
1714 713 1800 772 ἀεὶ

47 791 54 796 ’
115 803 486 869 ἐπιθυμοῦντι
505 800 794 854 ἐπαινοῦσι
813 798 916 866 μὲν
935 795 1115 850 πάντα
1134 791 1169 848 ἃ
1189 802 1438 850 πωλοῦσι
1452 838 1467 866 ,
1485 796 1623 867 τάχα
1647 796 1706 852 δ’
1728 796 1801 854 ἅν

117 905 286 952 τινες,
333 875 379 936 ὦ
397 879 612 950 ἄριστε,
650 879 742 934 καὶ
771 877 988 933 τούτων
1008 875 1267 947 ἄγνοοῖεν
1288 870 1370 933 ὦν
1388 884 1676 934 πωλοῦσιν
1695 879 1729 935 3
1747 902 1801 936 τι

116 964 356 1037 χρηστόν
381 959 419 1035 ἦ
438 960 690 1033 πονηρὸν
718 959 858 1029 πρὸς
876 961 979 1032 τὴν
1007 960 1218 1031 ψυχήν·
1256 958 1328 1026 ὡς
1347 959 1400 1017 δ’
1423 960 1605 1028 αὕτως
1629 963 1720 1019 καὶ
1745 966 1802 1019 οἱ
1831 976 1865 1016 E

40 1111 41 1114 Ἴ
118 1045 430 1117 ὠνούμενοι
448 1042 572 1115 παρ’
594 1042 809 1113 αὐτῶν,
850 1041 948 1098 ἐὰν
966 1044 1042 1115 μή
1061 1066 1141 1108 τις
1159 1041 1296 1115 τύχῃ
1328 1045 1452 1115 περὶ
1481 1042 1585 1115 τὴν
1613 1043 1800 1116 ψυχὴν

40 1140 41 1145 ’
116 1122 191 1184 αὖ
210 1126 453 1196 ἰατρικὸς
474 1125 567 1182 ὥν.
621 1131 671 1182 εἰ
686 1125 787 1197 μὲν
807 1119 912 1180 οὖν
932 1123 1003 1180 σύ
1023 1125 1308 1196 τυγχάνεις
1330 1127 1643 1198 ἐπιστήμων
1664 1128 1801 1183 τού-

117 1232 230 1266 των
250 1215 305 1265 τί
319 1208 559 1280 χρηστὸν
578 1210 669 1265 καὶ
695 1208 976 1280 πονηρόν,
1015 1207 1261 1279 ἀσφαλές
1291 1225 1380 1264 σοι
1403 1205 1671 1266 ὠνεῖσθαι
1690 1232 1799 1281 μα-

119 1293 343 1364 θήματα
363 1293 453 1348 καὶ
472 1290 620 1359 παρὰ
639 1291 1023 1362 Πρωταγόρου
1054 1293 1144 1346 καὶ
1175 1287 1298 1361 παρ’
1321 1289 1497 1348 ἄλλου
1526 1289 1794 1348 ὁτουοῦν·

117 1380 170 1432 εἰ
184 1375 243 1431 δὲ
263 1375 356 1445 μή,
378 1373 509 1444 ὅρα,
532 1368 576 1429 ὦ
597 1374 830 1445 μακάριε
844 1417 857 1443 ,
879 1371 953 1445 μὴ
977 1374 1102 1444 περὶ
1121 1385 1235 1439 τοϊς
1254 1374 1535 1444 φιλτάτοις
1555 1373 1797 1447 κυβεύῃς
1829 1385 1911 1430 314

120 1479 176 1512 τε
195 1458 285 1513 καὶ
304 1458 649 1530 κινδυνεύῃς.
705 1453 921 1526 καὶγὰρ
943 1454 1009 1527 δὴ
1042 1459 1131 1511 καὶ
1152 1454 1296 1511 πολὺ
1317 1461 1516 1527 μείζων
1537 1460 1800 1521 κίνδυνος

117 1542 180 1594 ἐν
197 1545 263 1612 τῇ
284 1545 398 1595 τῶν
416 1539 764 1611 μαθημάτων
786 1537 903 1610 ὠνῇ
921 1534 958 1609 ἦ
978 1540 1038 1593 ἐν
1056 1545 1124 1610 τῇ
1148 1543 1262 1593 τῶν
1281 1543 1484 1593 σιτίων.
1535 1541 1678 1592 σιτία
1697 1538 1799 1608 μὲν

118 1621 226 1693 γὰρ
247 1623 339 1677 καὶ
358 1619 497 1677 ποτὰ
518 1621 827 1691 πριάμενον
846 1620 995 1689 παρά
1015 1642 1116 1676 του
1134 1619 1407 1690 [καπήλου
1419 1620 1510 1675 καὶ
1528 1618 1798 1690 ἐμπόρου]

118 1710 328 1773 ἔξεστιν
347 1708 407 1761 ἐν
426 1705 614 1770 ἄλλοις
634 1703 874 1776 ἀγγείοις
892 1703 1227 1777 ἀποφέρειν,
1261 1706 1351 1760 καὶ
1382 1705 1514 1774 πρὶν
1535 1707 1800 1771 δέξασθαι

119 1786 265 1843 αὐτὰ
284 1793 361 1853 εἰς
377 1786 439 1843 τό
463 1794 621 1859 σῶμα
640 1788 839 1843 πιόντα
854 1783 893 1860 ἦ
912 1788 1184 1859 φαγόντα,
1206 1791 1590 1859 καταθέμενον
1610 1791 1800 1844 οἴκαδε

119 1874 292 1937 ἔξεστι
310 1869 868 1942 συμβουλεύσασθαι,
910 1873 1370 1941 παρακαλέσαντα
1398 1868 1497 1926 τὸν
1515 1872 1798 1941 ἐπαΐοντα,

119 1949 151 2008 ὃ
182 1974 235 2007 τι
260 1973 319 2007 τε
348 1948 655 2023 ἐδεστεόνῆ
683 1955 882 2008 ποτέον
901 1954 992 2020 καὶ
1029 1951 1063 2008 3
1098 1974 1149 2008 τι
1188 1951 1293 2023 μή,
1332 1954 1424 2009 καὶ
1460 1950 1676 2010 ὁπόσον
1711 1955 1802 2009 καὶ

118 2030 310 2089 ὁπότε·
351 2031 490 2088 ὥστε
510 2035 572 2088 ἐν
590 2040 658 2107 τῇ
678 2031 798 2106 ὠνῇ
818 2031 886 2090 ού
907 2038 1075 2105 με’γας
1103 2031 1133 2088 ὁ
1165 2038 1441 2099 κίνδυνος.
1499 2033 1799 2105 μαθήματα

121 2113 180 2171 δὲ
209 2110 314 2169 οὐκ
343 2117 493 2170 ἔστιν
530 2117 591 2170 ἐν
619 2114 769 2190 ἄλλῳ
802 2113 1003 2189 ἀγγείῳ
1035 2113 1390 2186 ἀπενεγκεῖν,
1428 2113 1544 2172 ἀλλ’
1565 2113 1799 2187 ἀνάγκη,
1833 2126 1864 2167 Β

120 2197 432 2251 καταθέντα
462 2195 567 2265 τὴν
596 2198 789 2267 τιμήν,
832 2196 892 2253 τὸ
925 2197 1157 2268 μάθημα
1186 2201 1248 2255 ἐν
1278 2196 1418 2270 αὐτῇ
1446 2203 1514 2270 τῇ
1534 2205 1681 2271 ψυχῇ
1703 2205 1804 2254 λα-

119 2277 293 2350 βόντα
331 2278 422 2333 καὶ
453 2277 709 2348 μαθόντα
743 2277 963 2335 ἀπιέναι
992 2277 1028 2351 ἢ
1044 2276 1486 2352 βεβλαμμένονῆ
1514 2279 1803 2352 ὠφελημέ-

40 2372 43 2377 ’
119 2381 237 2415 νον.
296 2366 470 2414 ταῦτα
501 2352 607 2415 οὖν
635 2361 976 2431 σκοπώμεθα
1006 2363 1098 2418 καὶ
1116 2361 1249 2434 μετὰ
1269 2370 1382 2420 τῶν
1407 2364 1803 2436 πρεσβυτέρων

34 2458 49 2494 Υ
120 2438 303 2515 ἡμῶν·
361 2439 514 2512 ἡμεῖς
545 2440 651 2512 γάρ
679 2446 757 2497 ἔτι
789 2447 903 2498 νεόι
935 2443 1073 2500 ὥστε
1094 2452 1329 2503 τοσοῦτο
1359 2451 1585 2517 πρᾶγμα
1626 2448 1802 2502 διελέ-

40 2552 42 2554 ·
120 2530 269 2579 σθαι.
329 2530 437 2579 νῦν
455 2525 642 2594 μέντοι
657 2567 671 2593 ,
714 2523 898 2595 ὥσπερ
923 2523 1285 2599 ὡρμήσαμεν,
1327 2536 1498 2599 ἴωμεν
1516 2529 1607 2584 καὶ
1625 2525 1803 2584 ἀκού-

27 2630 33 2636 ’
120 2620 305 2676 σωμεν
320 2612 421 2661 τοῦ
444 2604 663 2675 ἀνδρός,
686 2610 868 2661 ἔπειτα
889 2605 1229 2675 ἀκούσαντες
1250 2611 1340 2666 καὶ
1359 2609 1549 2675 ἄλλοις
1568 2607 1798 2665 ἀνακοι-

122 2686 432 2758 νωσώμεθα
448 2709 459 2720 ·
498 2689 588 2743 καὶ
609 2686 715 2758 γάρ
737 2686 805 2742 οὐ
830 2690 1000 2759 μόνος
1011 2691 1386 2762 Πρωταγόρας
1406 2689 1610 2748 αὐτόθι
1632 2694 1800 2762 ἐστίν,
