<?xml version="1.0" encoding="UTF-8"?>
<!DOCTYPE html PUBLIC "-//W3C//DTD XHTML 1.0 Transitional//EN"
    "http://www.w3.org/TR/xhtml1/DTD/xhtml1-transitional.dtd">
<html xmlns="http://www.w3.org/1999/xhtml" xml:lang="en" lang="en">
 <head>
  <title>
</title>
<meta http-equiv="Content-Type" content="text/html;charset=utf-8" />
  <meta name='ocr-system' content='tesseract 3.04.00' />
  <meta name='ocr-capabilities' content='ocr_page ocr_carea ocr_par ocr_line ocrx_word'/>
</head>
<body>
  <div class='ocr_page' id='page_1' title='image "./dialogisecumdumt03platuoft_0362.png"; bbox 0 0 1962 3112; ppageno 0'>
   <div class='ocr_carea' id='block_1_1' title="bbox 167 116 1839 171">
    <p class='ocr_par' dir='ltr' id='par_1_1' title="bbox 167 116 1839 171">
     <span class='ocr_line' id='line_1_1' title="bbox 167 116 1839 171; baseline 0.001 -2"><span class='ocrx_word' id='word_1_1' title='bbox 167 116 277 170; x_wconf 77' lang='grc'><strong><em>328</em></strong></span> <span class='ocrx_word' id='word_1_2' title='bbox 803 116 1280 165; x_wconf 74' lang='grc' dir='ltr'><em>ΠΛΑΤΩΝΟΣ</em></span> <span class='ocrx_word' id='word_1_3' title='bbox 1754 127 1839 171; x_wconf 81' lang='grc'><strong><em>130</em></strong></span> 
     </span>
    </p>
   </div>
   <div class='ocr_carea' id='block_1_2' title="bbox 111 248 1840 2855">
    <p class='ocr_par' dir='ltr' id='par_1_2' title="bbox 309 248 800 317">
     <span class='ocr_line' id='line_1_2' title="bbox 309 248 800 317; baseline -0.012 -10"><span class='ocrx_word' id='word_1_4' title='bbox 309 256 493 306; x_wconf 88' lang='grc' dir='ltr'><em>ΜΕΝ.</em></span> <span class='ocrx_word' id='word_1_5' title='bbox 543 248 706 304; x_wconf 76' lang='grc' dir='ltr'><em>Πάνυ</em></span> <span class='ocrx_word' id='word_1_6' title='bbox 724 269 800 317; x_wconf 88' lang='grc' dir='ltr'><strong><em>γε.</em></strong></span> 
     </span>
    </p>

    <p class='ocr_par' dir='ltr' id='par_1_3' title="bbox 312 327 1836 404">
     <span class='ocr_line' id='line_1_3' title="bbox 312 327 1836 404; baseline 0.001 -16"><span class='ocrx_word' id='word_1_7' title='bbox 312 338 435 388; x_wconf 76' lang='grc' dir='ltr'><strong><em>ΣΩ.</em></strong></span> <span class='ocrx_word' id='word_1_8' title='bbox 477 328 632 386; x_wconf 83' lang='grc' dir='ltr'><strong><em>Τοῦτ’</em></strong></span> <span class='ocrx_word' id='word_1_9' title='bbox 658 334 804 384; x_wconf 83' lang='grc' dir='ltr'><strong><em>ἔστιν</em></strong></span> <span class='ocrx_word' id='word_1_10' title='bbox 824 327 957 398; x_wconf 75' lang='grc' dir='ltr'><strong><em>ἄρα,</em></strong></span> <span class='ocrx_word' id='word_1_11' title='bbox 980 351 1054 393; x_wconf 89' lang='grc' dir='ltr'><strong><em>ως</em></strong></span> <span class='ocrx_word' id='word_1_12' title='bbox 1073 333 1242 398; x_wconf 79' lang='grc' dir='ltr'><strong><em>ἔοικε,</em></strong></span> <span class='ocrx_word' id='word_1_13' title='bbox 1275 330 1415 386; x_wconf 80' lang='grc' dir='ltr'><strong><em>κατὰ</em></strong></span> <span class='ocrx_word' id='word_1_14' title='bbox 1430 331 1528 387; x_wconf 85' lang='grc' dir='ltr'><strong><em>τὸν</em></strong></span> <span class='ocrx_word' id='word_1_15' title='bbox 1546 331 1650 388; x_wconf 87' lang='grc' dir='ltr'><strong><em>σόν</em></strong></span> <span class='ocrx_word' id='word_1_16' title='bbox 1667 332 1836 404; x_wconf 87' lang='grc' dir='ltr'><strong><em>λόγον</em></strong></span> 
     </span>
    </p>

    <p class='ocr_par' dir='ltr' id='par_1_4' title="bbox 111 408 1327 486">
     <span class='ocr_line' id='line_1_4' title="bbox 111 408 1327 486; baseline -0.004 -16"><span class='ocrx_word' id='word_1_17' title='bbox 111 411 140 452; x_wconf 84' lang='lat' dir='ltr'>G</span> <span class='ocrx_word' id='word_1_18' title='bbox 172 413 357 486; x_wconf 78' lang='grc' dir='ltr'><strong><em>αρετή,</em></strong></span> <span class='ocrx_word' id='word_1_19' title='bbox 380 413 612 482; x_wconf 82' lang='grc' dir='ltr'><strong><em>δύναμις</em></strong></span> <span class='ocrx_word' id='word_1_20' title='bbox 630 416 734 465; x_wconf 82' lang='grc' dir='ltr'><strong><em>τοῦ</em></strong></span> <span class='ocrx_word' id='word_1_21' title='bbox 754 414 1075 480; x_wconf 77' lang='grc' dir='ltr'><strong><em>πορίζεσθαι</em></strong></span> <span class='ocrx_word' id='word_1_22' title='bbox 1093 408 1327 480; x_wconf 78' lang='grc' dir='ltr'><strong><em>τάγαθά.</em></strong></span> 
     </span>
    </p>

    <p class='ocr_par' dir='ltr' id='par_1_5' title="bbox 171 492 1837 649">
     <span class='ocr_line' id='line_1_5' title="bbox 311 492 1837 563; baseline -0.003 -11"><span class='ocrx_word' id='word_1_23' title='bbox 311 502 496 551; x_wconf 90' lang='grc' dir='ltr'><strong><em>ΜΕΝ.</em></strong></span> <span class='ocrx_word' id='word_1_24' title='bbox 535 493 871 550; x_wconf 82' lang='grc' dir='ltr'><strong><em>Παντάπασί</em></strong></span> <span class='ocrx_word' id='word_1_25' title='bbox 897 513 990 562; x_wconf 86' lang='grc' dir='ltr'><strong><em>μοι</em></strong></span> <span class='ocrx_word' id='word_1_26' title='bbox 1019 495 1195 563; x_wconf 77' lang='grc' dir='ltr'><strong><em>δοκεῖ,</em></strong></span> <span class='ocrx_word' id='word_1_27' title='bbox 1236 514 1276 546; x_wconf 87' lang='grc' dir='ltr'><em>ω</em></span> <span class='ocrx_word' id='word_1_28' title='bbox 1305 492 1625 561; x_wconf 73' lang='grc' dir='ltr'><strong><em>Σώκρατες,</em></strong></span> <span class='ocrx_word' id='word_1_29' title='bbox 1662 515 1837 558; x_wconf 87' lang='grc' dir='ltr'><strong><em>ουτως</em></strong></span> 
     </span>
     <span class='ocr_line' id='line_1_6' title="bbox 171 573 1108 649; baseline -0.008 -15"><span class='ocrx_word' id='word_1_30' title='bbox 171 584 340 649; x_wconf 78' lang='grc' dir='ltr'><strong><em>ἔχειν,</em></strong></span> <span class='ocrx_word' id='word_1_31' title='bbox 375 575 446 641; x_wconf 79' lang='grc' dir='ltr'><strong><em>ως</em></strong></span> <span class='ocrx_word' id='word_1_32' title='bbox 466 574 537 632; x_wconf 82' lang='grc' dir='ltr'>σύ</span> <span class='ocrx_word' id='word_1_33' title='bbox 557 582 666 631; x_wconf 87' lang='grc' dir='ltr'><strong><em>νῦν</em></strong></span> <span class='ocrx_word' id='word_1_34' title='bbox 683 573 1108 645; x_wconf 77' lang='grc' dir='ltr'><strong><em>ὑπολαμβάνεις.</em></strong></span> 
     </span>
    </p>

    <p class='ocr_par' dir='ltr' id='par_1_6' title="bbox 171 654 1839 898">
     <span class='ocr_line' id='line_1_7' title="bbox 313 654 1839 728; baseline -0.002 -13"><span class='ocrx_word' id='word_1_35' title='bbox 313 665 438 715; x_wconf 71' lang='grc' dir='ltr'><strong><em>ΣΩ.</em></strong></span> <span class='ocrx_word' id='word_1_36' title='bbox 481 657 717 728; x_wconf 84' lang='grc' dir='ltr'><strong><em>Ἴδωμεν</em></strong></span> <span class='ocrx_word' id='word_1_37' title='bbox 749 654 813 725; x_wconf 84' lang='grc' dir='ltr'><strong><em>δὴ</em></strong></span> <span class='ocrx_word' id='word_1_38' title='bbox 849 657 939 711; x_wconf 85' lang='grc' dir='ltr'><strong><em>καὶ</em></strong></span> <span class='ocrx_word' id='word_1_39' title='bbox 968 662 1132 711; x_wconf 84' lang='grc' dir='ltr'><strong><em>τοῦτο</em></strong></span> <span class='ocrx_word' id='word_1_40' title='bbox 1162 660 1211 712; x_wconf 85' lang='grc' dir='ltr'><strong><em>εί</em></strong></span> <span class='ocrx_word' id='word_1_41' title='bbox 1237 654 1442 727; x_wconf 77' lang='grc' dir='ltr'><strong><em>ἀληθὲς</em></strong></span> <span class='ocrx_word' id='word_1_42' title='bbox 1473 657 1670 727; x_wconf 81' lang='grc' dir='ltr'><strong><em>λέγεις·</em></strong></span> <span class='ocrx_word' id='word_1_43' title='bbox 1710 664 1839 723; x_wconf 80' lang='grc' dir='ltr'><strong><em>ἴσως</em></strong></span> 
     </span>
     <span class='ocr_line' id='line_1_8' title="bbox 171 736 1838 815; baseline -0.003 -16"><span class='ocrx_word' id='word_1_44' title='bbox 171 745 278 815; x_wconf 79' lang='grc' dir='ltr'><strong><em>γὰρ</em></strong></span> <span class='ocrx_word' id='word_1_45' title='bbox 311 741 383 799; x_wconf 73' lang='grc' dir='ltr'><strong><em>ἄν</em></strong></span> <span class='ocrx_word' id='word_1_46' title='bbox 414 737 479 799; x_wconf 79' lang='grc' dir='ltr'><strong><em>εὖ</em></strong></span> <span class='ocrx_word' id='word_1_47' title='bbox 510 747 701 813; x_wconf 84' lang='grc' dir='ltr'><strong><em>λέγοις.</em></strong></span> <span class='ocrx_word' id='word_1_48' title='bbox 756 739 975 810; x_wconf 71' lang='grc' dir='ltr'><em>τάγαθὰ</em></span> <span class='ocrx_word' id='word_1_49' title='bbox 1007 741 1115 813; x_wconf 76' lang='grc' dir='ltr'><strong><em>φῂς</em></strong></span> <span class='ocrx_word' id='word_1_50' title='bbox 1143 736 1264 796; x_wconf 84' lang='grc' dir='ltr'><strong><em>οἶόν</em></strong></span> <span class='ocrx_word' id='word_1_51' title='bbox 1283 737 1326 795; x_wconf 83' lang='grc' dir='ltr'><strong><em>τ’</em></strong></span> <span class='ocrx_word' id='word_1_52' title='bbox 1350 739 1491 795; x_wconf 85' lang='grc' dir='ltr'><strong><em>εἶναι</em></strong></span> <span class='ocrx_word' id='word_1_53' title='bbox 1518 744 1838 810; x_wconf 82' lang='grc' dir='ltr'><strong><em>πορίζεσθαι</em></strong></span> 
     </span>
     <span class='ocr_line' id='line_1_9' title="bbox 172 825 563 898; baseline -0.003 -15"><span class='ocrx_word' id='word_1_54' title='bbox 172 825 376 898; x_wconf 75' lang='grc' dir='ltr'><strong><em>ἀρετὴν</em></strong></span> <span class='ocrx_word' id='word_1_55' title='bbox 395 825 563 894; x_wconf 83' lang='grc' dir='ltr'><strong><em>εἷναι;</em></strong></span> 
     </span>
    </p>

    <p class='ocr_par' dir='ltr' id='par_1_7' title="bbox 310 908 760 977">
     <span class='ocr_line' id='line_1_10' title="bbox 310 908 760 977; baseline 0 -15"><span class='ocrx_word' id='word_1_56' title='bbox 310 913 497 964; x_wconf 91' lang='grc' dir='ltr'><em>ΜΕΝ.</em></span> <span class='ocrx_word' id='word_1_57' title='bbox 536 908 760 977; x_wconf 57' lang='grc' dir='ltr'><strong><em>’Έγωγε</em></strong></span> 
     </span>
    </p>

    <p class='ocr_par' dir='ltr' id='par_1_8' title="bbox 171 983 1840 1300">
     <span class='ocr_line' id='line_1_11' title="bbox 312 983 1838 1059; baseline -0.002 -15"><span class='ocrx_word' id='word_1_58' title='bbox 312 995 434 1044; x_wconf 72' lang='grc' dir='ltr'><strong><em>ΣΩ.</em></strong></span> <span class='ocrx_word' id='word_1_59' title='bbox 473 988 678 1059; x_wconf 77' lang='grc' dir='ltr'><strong><em>Ἀγαθὰ</em></strong></span> <span class='ocrx_word' id='word_1_60' title='bbox 694 988 753 1043; x_wconf 77' lang='grc' dir='ltr'><strong><em>δὲ</em></strong></span> <span class='ocrx_word' id='word_1_61' title='bbox 773 995 954 1053; x_wconf 78' lang='grc' dir='ltr'><strong><em>καλεῖς</em></strong></span> <span class='ocrx_word' id='word_1_62' title='bbox 968 988 1086 1058; x_wconf 82' lang='grc' dir='ltr'><strong><em>οὐχὶ</em></strong></span> <span class='ocrx_word' id='word_1_63' title='bbox 1106 983 1227 1042; x_wconf 84' lang='grc' dir='ltr'><strong><em>οἷον</em></strong></span> <span class='ocrx_word' id='word_1_64' title='bbox 1245 984 1460 1057; x_wconf 79' lang='grc' dir='ltr'><strong><em>ὑγίειάν</em></strong></span> <span class='ocrx_word' id='word_1_65' title='bbox 1478 1007 1537 1042; x_wconf 86' lang='grc' dir='ltr'><strong><em>τε</em></strong></span> <span class='ocrx_word' id='word_1_66' title='bbox 1553 989 1645 1042; x_wconf 83' lang='grc' dir='ltr'><strong><em>καὶ</em></strong></span> <span class='ocrx_word' id='word_1_67' title='bbox 1664 993 1838 1042; x_wconf 53' lang='grc' dir='ltr'><strong><em>πλοῦ-ε</em></strong></span> 
     </span>
     <span class='ocr_line' id='line_1_12' title="bbox 171 1067 1840 1142; baseline -0.002 -16"><span class='ocrx_word' id='word_1_68' title='bbox 171 1094 300 1142; x_wconf 80' lang='grc' dir='ltr'><strong><em>τον,</em></strong></span> <span class='ocrx_word' id='word_1_69' title='bbox 333 1074 425 1127; x_wconf 86' lang='grc' dir='ltr'><strong><em>καὶ</em></strong></span> <span class='ocrx_word' id='word_1_70' title='bbox 454 1076 684 1142; x_wconf 88' lang='grc' dir='ltr'><strong><em>χρυσίον</em></strong></span> <span class='ocrx_word' id='word_1_71' title='bbox 714 1072 854 1139; x_wconf 85' lang='grc' dir='ltr'><em>λέγω</em></span> <span class='ocrx_word' id='word_1_72' title='bbox 883 1070 975 1125; x_wconf 89' lang='grc' dir='ltr'><strong><em>καὶ</em></strong></span> <span class='ocrx_word' id='word_1_73' title='bbox 994 1067 1262 1139; x_wconf 78' lang='grc' dir='ltr'><strong><em>ἀργύριον</em></strong></span> <span class='ocrx_word' id='word_1_74' title='bbox 1292 1075 1528 1124; x_wconf 76' lang='grc' dir='ltr'><strong><em>κτᾶσθαι</em></strong></span> <span class='ocrx_word' id='word_1_75' title='bbox 1555 1070 1646 1124; x_wconf 84' lang='grc' dir='ltr'><strong><em>καὶ</em></strong></span> <span class='ocrx_word' id='word_1_76' title='bbox 1685 1067 1840 1139; x_wconf 78' lang='grc' dir='ltr'><strong><em>τιμὰς</em></strong></span> 
     </span>
     <span class='ocr_line' id='line_1_13' title="bbox 172 1146 1836 1222; baseline -0.002 -14"><span class='ocrx_word' id='word_1_77' title='bbox 172 1155 233 1208; x_wconf 80' lang='grc' dir='ltr'><strong><em>ἐν</em></strong></span> <span class='ocrx_word' id='word_1_78' title='bbox 261 1152 417 1207; x_wconf 87' lang='grc' dir='ltr'><strong><em>πόλει</em></strong></span> <span class='ocrx_word' id='word_1_79' title='bbox 448 1154 539 1211; x_wconf 84' lang='grc' dir='ltr'><strong><em>καὶ</em></strong></span> <span class='ocrx_word' id='word_1_80' title='bbox 576 1151 768 1222; x_wconf 77' lang='grc' dir='ltr'><strong><em>ἀρχάς;</em></strong></span> <span class='ocrx_word' id='word_1_81' title='bbox 813 1148 884 1222; x_wconf 84' lang='grc' dir='ltr'><strong><em>μὴ</em></strong></span> <span class='ocrx_word' id='word_1_82' title='bbox 927 1148 1042 1206; x_wconf 78' lang='grc' dir='ltr'><em>ἄλλ’</em></span> <span class='ocrx_word' id='word_1_83' title='bbox 1074 1150 1207 1206; x_wconf 77' lang='grc' dir='ltr'><strong><em>ἄττα</em></strong></span> <span class='ocrx_word' id='word_1_84' title='bbox 1244 1153 1416 1220; x_wconf 84' lang='grc' dir='ltr'><strong><em>λέγεις</em></strong></span> <span class='ocrx_word' id='word_1_85' title='bbox 1454 1148 1671 1220; x_wconf 79' lang='grc' dir='ltr'><em>τάγαθὰ</em></span> <span class='ocrx_word' id='word_1_86' title='bbox 1705 1146 1742 1221; x_wconf 76' lang='grc' dir='ltr'><em>ἢ</em></span> <span class='ocrx_word' id='word_1_87' title='bbox 1771 1150 1836 1205; x_wconf 80' lang='grc' dir='ltr'><strong><em>τὰ</em></strong></span> 
     </span>
     <span class='ocr_line' id='line_1_14' title="bbox 171 1240 423 1300; baseline -0.004 -12"><span class='ocrx_word' id='word_1_88' title='bbox 171 1240 423 1300; x_wconf 85' lang='grc' dir='ltr'><strong><em>τοιαῦτα;</em></strong></span> 
     </span>
    </p>

    <p class='ocr_par' dir='ltr' id='par_1_9' title="bbox 314 1312 1575 1384">
     <span class='ocr_line' id='line_1_15' title="bbox 314 1312 1575 1384; baseline -0.002 -15"><span class='ocrx_word' id='word_1_89' title='bbox 314 1320 500 1369; x_wconf 90' lang='grc' dir='ltr'><strong>ΜΕΝ.</strong></span> <span class='ocrx_word' id='word_1_90' title='bbox 545 1312 665 1368; x_wconf 80' lang='grc' dir='ltr'><strong><em>Οὔκ</em></strong></span> <span class='ocrx_word' id='word_1_91' title='bbox 680 1356 694 1384; x_wconf 85' lang='grc'><strong>,</strong></span> <span class='ocrx_word' id='word_1_92' title='bbox 733 1313 870 1369; x_wconf 71' lang='grc' dir='ltr'><strong><em>ἀλλὰ</em></strong></span> <span class='ocrx_word' id='word_1_93' title='bbox 891 1315 1069 1369; x_wconf 77' lang='grc' dir='ltr'><strong><em>πάντα</em></strong></span> <span class='ocrx_word' id='word_1_94' title='bbox 1091 1317 1232 1383; x_wconf 85' lang='grc' dir='ltr'><em>λέγω</em></span> <span class='ocrx_word' id='word_1_95' title='bbox 1251 1313 1317 1368; x_wconf 83' lang='grc' dir='ltr'><strong><em>τὰ</em></strong></span> <span class='ocrx_word' id='word_1_96' title='bbox 1334 1319 1575 1368; x_wconf 85' lang='grc' dir='ltr'><strong><em>τοιαῦτα.</em></strong></span> 
     </span>
    </p>

    <p class='ocr_par' dir='ltr' id='par_1_10' title="bbox 111 1393 1839 1870">
     <span class='ocr_line' id='line_1_16' title="bbox 111 1393 1839 1465; baseline -0.002 -13"><span class='ocrx_word' id='word_1_97' title='bbox 111 1400 144 1441; x_wconf 84' lang='lat' dir='ltr'>D</span> <span class='ocrx_word' id='word_1_98' title='bbox 316 1403 440 1452; x_wconf 72' lang='grc' dir='ltr'><strong><em>ΣΩ.</em></strong></span> <span class='ocrx_word' id='word_1_99' title='bbox 480 1393 636 1451; x_wconf 81' lang='grc' dir='ltr'><strong><em>Εἶεν·</em></strong></span> <span class='ocrx_word' id='word_1_100' title='bbox 675 1401 904 1465; x_wconf 88' lang='grc' dir='ltr'><strong><em>χρυσίον</em></strong></span> <span class='ocrx_word' id='word_1_101' title='bbox 936 1395 994 1450; x_wconf 80' lang='grc' dir='ltr'><strong><em>δὲ</em></strong></span> <span class='ocrx_word' id='word_1_102' title='bbox 1017 1396 1191 1465; x_wconf 79' lang='grc' dir='ltr'><strong><em>δήκαὶ</em></strong></span> <span class='ocrx_word' id='word_1_103' title='bbox 1221 1393 1492 1465; x_wconf 79' lang='grc' dir='ltr'><strong><em>ἀργύριον</em></strong></span> <span class='ocrx_word' id='word_1_104' title='bbox 1519 1396 1839 1462; x_wconf 83' lang='grc' dir='ltr'><strong><em>πορίζεσθαι</em></strong></span> 
     </span>
     <span class='ocr_line' id='line_1_17' title="bbox 172 1473 1837 1550; baseline -0.001 -17"><span class='ocrx_word' id='word_1_105' title='bbox 172 1478 341 1550; x_wconf 82' lang='grc' dir='ltr'><strong><em>αρετή</em></strong></span> <span class='ocrx_word' id='word_1_106' title='bbox 370 1480 542 1545; x_wconf 84' lang='grc' dir='ltr'><strong><em>ἐστιν,</em></strong></span> <span class='ocrx_word' id='word_1_107' title='bbox 584 1474 658 1541; x_wconf 70' lang='grc' dir='ltr'><strong><em>ὥς</em></strong></span> <span class='ocrx_word' id='word_1_108' title='bbox 688 1495 822 1548; x_wconf 82' lang='grc' dir='ltr'><strong><em>φησι</em></strong></span> <span class='ocrx_word' id='word_1_109' title='bbox 850 1478 1064 1532; x_wconf 83' lang='grc' dir='ltr'><em>Μένων</em></span> <span class='ocrx_word' id='word_1_110' title='bbox 1092 1473 1120 1532; x_wconf 84' lang='grc' dir='ltr'>ὁ</span> <span class='ocrx_word' id='word_1_111' title='bbox 1155 1482 1255 1531; x_wconf 86' lang='grc' dir='ltr'><strong><em>τοῦ</em></strong></span> <span class='ocrx_word' id='word_1_112' title='bbox 1295 1476 1538 1546; x_wconf 75' lang='grc' dir='ltr'><em>μεγάλου</em></span> <span class='ocrx_word' id='word_1_113' title='bbox 1573 1479 1837 1546; x_wconf 85' lang='grc' dir='ltr'><strong><em>βασιλέως</em></strong></span> 
     </span>
     <span class='ocr_line' id='line_1_18' title="bbox 171 1557 1839 1633; baseline -0.001 -19"><span class='ocrx_word' id='word_1_114' title='bbox 171 1557 434 1628; x_wconf 82' lang='grc' dir='ltr'><strong><em>πατρικὸς</em></strong></span> <span class='ocrx_word' id='word_1_115' title='bbox 461 1560 626 1624; x_wconf 82' lang='grc' dir='ltr'><strong><em>ξένος.</em></strong></span> <span class='ocrx_word' id='word_1_116' title='bbox 680 1559 919 1627; x_wconf 88' lang='grc' dir='ltr'><strong><em>πότερον</em></strong></span> <span class='ocrx_word' id='word_1_117' title='bbox 943 1563 1245 1629; x_wconf 78' lang='grc' dir='ltr'><strong><em>προστίθης</em></strong></span> <span class='ocrx_word' id='word_1_118' title='bbox 1272 1580 1323 1612; x_wconf 88' lang='grc' dir='ltr'><strong><em>τι</em></strong></span> <span class='ocrx_word' id='word_1_119' title='bbox 1352 1557 1529 1630; x_wconf 78' lang='grc' dir='ltr'><strong><em>τούτῳ</em></strong></span> <span class='ocrx_word' id='word_1_120' title='bbox 1559 1563 1633 1629; x_wconf 80' lang='grc' dir='ltr'><strong><em>τῷ</em></strong></span> <span class='ocrx_word' id='word_1_121' title='bbox 1665 1558 1839 1633; x_wconf 77' lang='grc' dir='ltr'><strong><em>πόρῳ,</em></strong></span> 
     </span>
     <span class='ocr_line' id='line_1_19' title="bbox 173 1634 1836 1712; baseline 0.001 -17"><span class='ocrx_word' id='word_1_122' title='bbox 173 1634 217 1695; x_wconf 69' lang='grc' dir='ltr'><strong><em>(ὅ</em></strong></span> <span class='ocrx_word' id='word_1_123' title='bbox 236 1642 472 1709; x_wconf 83' lang='grc' dir='ltr'><em>Μένων,</em></span> <span class='ocrx_word' id='word_1_124' title='bbox 510 1637 572 1694; x_wconf 85' lang='grc' dir='ltr'><strong><em>τὸ</em></strong></span> <span class='ocrx_word' id='word_1_125' title='bbox 597 1643 817 1704; x_wconf 83' lang='grc' dir='ltr'><strong><em>δικαίως</em></strong></span> <span class='ocrx_word' id='word_1_126' title='bbox 843 1641 934 1696; x_wconf 83' lang='grc' dir='ltr'><strong><em>καὶ</em></strong></span> <span class='ocrx_word' id='word_1_127' title='bbox 962 1639 1152 1710; x_wconf 76' lang='grc' dir='ltr'><strong><em>ὁσίως,</em></strong></span> <span class='ocrx_word' id='word_1_128' title='bbox 1191 1636 1228 1710; x_wconf 80' lang='grc' dir='ltr'><strong><em>ἦ</em></strong></span> <span class='ocrx_word' id='word_1_129' title='bbox 1257 1638 1422 1694; x_wconf 80' lang='grc' dir='ltr'><strong><em>οὐδέν</em></strong></span> <span class='ocrx_word' id='word_1_130' title='bbox 1452 1656 1539 1703; x_wconf 90' lang='grc' dir='ltr'><strong><em>σοι</em></strong></span> <span class='ocrx_word' id='word_1_131' title='bbox 1573 1643 1836 1712; x_wconf 80' lang='grc' dir='ltr'><strong><em>διαφέρει,</em></strong></span> 
     </span>
     <span class='ocr_line' id='line_1_20' title="bbox 173 1717 1837 1791; baseline 0.002 -17"><span class='ocrx_word' id='word_1_132' title='bbox 173 1718 310 1776; x_wconf 75' lang='grc' dir='ltr'><strong><em>ἄλλα</em></strong></span> <span class='ocrx_word' id='word_1_133' title='bbox 342 1717 448 1774; x_wconf 66' lang='grc' dir='ltr'><strong><em>κᾶν</em></strong></span> <span class='ocrx_word' id='word_1_134' title='bbox 478 1718 679 1785; x_wconf 75' lang='grc' dir='ltr'><strong><em>ἀδίκως</em></strong></span> <span class='ocrx_word' id='word_1_135' title='bbox 718 1743 797 1785; x_wconf 87' lang='grc' dir='ltr'><strong><em>τις</em></strong></span> <span class='ocrx_word' id='word_1_136' title='bbox 827 1719 966 1776; x_wconf 79' lang='grc' dir='ltr'><strong><em>αὐτὰ</em></strong></span> <span class='ocrx_word' id='word_1_137' title='bbox 1006 1726 1314 1791; x_wconf 83' lang='grc' dir='ltr'><strong><em>πορίζηται,</em></strong></span> <span class='ocrx_word' id='word_1_138' title='bbox 1355 1717 1553 1791; x_wconf 88' lang='grc' dir='ltr'><strong><em>ὁμοίως</em></strong></span> <span class='ocrx_word' id='word_1_139' title='bbox 1590 1721 1661 1777; x_wconf 81' lang='grc' dir='ltr'>σύ</span> <span class='ocrx_word' id='word_1_140' title='bbox 1699 1720 1837 1777; x_wconf 76' lang='grc' dir='ltr'><strong><em>αὐτὰ</em></strong></span> 
     </span>
     <span class='ocr_line' id='line_1_21' title="bbox 173 1798 599 1870; baseline 0 -15"><span class='ocrx_word' id='word_1_141' title='bbox 173 1798 373 1870; x_wconf 79' lang='grc' dir='ltr'><strong><em>ἀρετὴν</em></strong></span> <span class='ocrx_word' id='word_1_142' title='bbox 392 1807 599 1867; x_wconf 83' lang='grc' dir='ltr'><strong><em>καλεῖς;</em></strong></span> 
     </span>
    </p>

    <p class='ocr_par' dir='ltr' id='par_1_11' title="bbox 311 1876 1651 1952">
     <span class='ocr_line' id='line_1_22' title="bbox 311 1876 1651 1952; baseline 0.003 -16"><span class='ocrx_word' id='word_1_143' title='bbox 311 1887 496 1936; x_wconf 92' lang='grc' dir='ltr'><em>ΜΕΝ.</em></span> <span class='ocrx_word' id='word_1_144' title='bbox 538 1880 622 1936; x_wconf 80' lang='grc' dir='ltr'><strong><em>Οὐ</em></strong></span> <span class='ocrx_word' id='word_1_145' title='bbox 643 1880 848 1952; x_wconf 82' lang='grc' dir='ltr'><strong><em>δήπου,</em></strong></span> <span class='ocrx_word' id='word_1_146' title='bbox 871 1876 916 1937; x_wconf 57' lang='lat' dir='ltr'><strong><em>a?</em></strong></span> <span class='ocrx_word' id='word_1_147' title='bbox 932 1883 1256 1952; x_wconf 74' lang='grc' dir='ltr'><strong><em>Σώκρατες,</em></strong></span> <span class='ocrx_word' id='word_1_148' title='bbox 1281 1881 1415 1939; x_wconf 79' lang='grc' dir='ltr'><strong><em>ἄλλα</em></strong></span> <span class='ocrx_word' id='word_1_149' title='bbox 1439 1891 1651 1940; x_wconf 83' lang='grc' dir='ltr'><strong><em>κακίαν.</em></strong></span> 
     </span>
    </p>

    <p class='ocr_par' dir='ltr' id='par_1_12' title="bbox 170 1962 1838 2122">
     <span class='ocr_line' id='line_1_23' title="bbox 311 1962 1838 2041; baseline 0.004 -24"><span class='ocrx_word' id='word_1_150' title='bbox 311 1968 436 2017; x_wconf 72' lang='grc' dir='ltr'><strong><em>ΣΩ.</em></strong></span> <span class='ocrx_word' id='word_1_151' title='bbox 492 1963 936 2034; x_wconf 81' lang='grc' dir='ltr'><strong><em>Πάντωςδήπου</em></strong></span> <span class='ocrx_word' id='word_1_152' title='bbox 965 1968 1051 2018; x_wconf 78' lang='grc' dir='ltr'><strong><em>δεῖ</em></strong></span> <span class='ocrx_word' id='word_1_153' title='bbox 1076 1963 1207 2034; x_wconf 78' lang='grc' dir='ltr'><strong><em>ἄρα,</em></strong></span> <span class='ocrx_word' id='word_1_154' title='bbox 1251 1962 1321 2029; x_wconf 78' lang='grc' dir='ltr'><strong><em>ὡς</em></strong></span> <span class='ocrx_word' id='word_1_155' title='bbox 1354 1971 1524 2036; x_wconf 82' lang='grc' dir='ltr'><strong><em>ἔοικε,</em></strong></span> <span class='ocrx_word' id='word_1_156' title='bbox 1563 1967 1741 2040; x_wconf 79' lang='grc' dir='ltr'><strong><em>τούτῳ</em></strong></span> <span class='ocrx_word' id='word_1_157' title='bbox 1762 1975 1838 2041; x_wconf 77' lang='grc' dir='ltr'><strong><em>τῷ</em></strong></span> 
     </span>
     <span class='ocr_line' id='line_1_24' title="bbox 170 2042 1836 2122; baseline 0.004 -23"><span class='ocrx_word' id='word_1_158' title='bbox 170 2045 324 2119; x_wconf 79' lang='grc' dir='ltr'><strong><em>πόρῳ</em></strong></span> <span class='ocrx_word' id='word_1_159' title='bbox 348 2046 708 2116; x_wconf 80' lang='grc' dir='ltr'><strong><em>δικαιοσύνην</em></strong></span> <span class='ocrx_word' id='word_1_160' title='bbox 735 2042 769 2117; x_wconf 80' lang='grc' dir='ltr'><em>ἢ</em></span> <span class='ocrx_word' id='word_1_161' title='bbox 790 2047 1165 2117; x_wconf 84' lang='grc' dir='ltr'><strong><em>σωφροσύνην</em></strong></span> <span class='ocrx_word' id='word_1_162' title='bbox 1187 2045 1222 2118; x_wconf 77' lang='grc' dir='ltr'><em>ἢ</em></span> <span class='ocrx_word' id='word_1_163' title='bbox 1251 2046 1504 2119; x_wconf 82' lang='grc' dir='ltr'><strong><em>ὁσιότητα</em></strong></span> <span class='ocrx_word' id='word_1_164' title='bbox 1534 2062 1836 2122; x_wconf 80' lang='grc' dir='ltr'><strong><em>προσεῖναι,</em></strong></span> 
     </span>
    </p>

    <p class='ocr_par' dir='ltr' id='par_1_13' title="bbox 111 2124 1837 2279">
     <span class='ocr_line' id='line_1_25' title="bbox 111 2124 1837 2203; baseline 0.003 -22"><span class='ocrx_word' id='word_1_165' title='bbox 111 2138 143 2179; x_wconf 86' lang='grc' dir='ltr'><em>Ε</em></span> <span class='ocrx_word' id='word_1_166' title='bbox 169 2124 205 2198; x_wconf 77' lang='grc' dir='ltr'><strong><em>ἦ</em></strong></span> <span class='ocrx_word' id='word_1_167' title='bbox 226 2126 357 2182; x_wconf 77' lang='grc' dir='ltr'><strong><em>ἄλλο</em></strong></span> <span class='ocrx_word' id='word_1_168' title='bbox 378 2150 429 2182; x_wconf 93' lang='grc' dir='ltr'><strong><em>τι</em></strong></span> <span class='ocrx_word' id='word_1_169' title='bbox 449 2126 647 2197; x_wconf 87' lang='grc' dir='ltr'><strong><em>μόριον</em></strong></span> <span class='ocrx_word' id='word_1_170' title='bbox 666 2129 861 2198; x_wconf 82' lang='grc' dir='ltr'><strong><em>α’ρετῆς</em></strong></span> <span class='ocrx_word' id='word_1_171' title='bbox 875 2151 885 2160; x_wconf 94' lang='grc'><strong><em>·</em></strong></span> <span class='ocrx_word' id='word_1_172' title='bbox 922 2134 972 2184; x_wconf 81' lang='grc' dir='ltr'><strong><em>εἰ</em></strong></span> <span class='ocrx_word' id='word_1_173' title='bbox 989 2129 1047 2185; x_wconf 76' lang='grc' dir='ltr'><strong><em>δὲ</em></strong></span> <span class='ocrx_word' id='word_1_174' title='bbox 1067 2130 1141 2200; x_wconf 86' lang='grc' dir='ltr'><strong><em>μή</em></strong></span> <span class='ocrx_word' id='word_1_175' title='bbox 1156 2172 1169 2199; x_wconf 83' lang='grc'>,</span> <span class='ocrx_word' id='word_1_176' title='bbox 1201 2127 1304 2184; x_wconf 79' lang='grc' dir='ltr'><strong><em>οὐκ</em></strong></span> <span class='ocrx_word' id='word_1_177' title='bbox 1324 2134 1472 2186; x_wconf 84' lang='grc' dir='ltr'><strong><em>ἔσται</em></strong></span> <span class='ocrx_word' id='word_1_178' title='bbox 1490 2129 1656 2203; x_wconf 76' lang='grc' dir='ltr'><strong><em>ἀρετή</em></strong></span> <span class='ocrx_word' id='word_1_179' title='bbox 1668 2174 1683 2203; x_wconf 79' lang='lat'>‚</span> <span class='ocrx_word' id='word_1_180' title='bbox 1715 2139 1837 2187; x_wconf 89' lang='grc' dir='ltr'><strong><em>καί-</em></strong></span> 
     </span>
     <span class='ocr_line' id='line_1_26' title="bbox 169 2208 902 2279; baseline 0.004 -16"><span class='ocrx_word' id='word_1_181' title='bbox 169 2229 270 2278; x_wconf 92' lang='grc' dir='ltr'><strong><em>περ</em></strong></span> <span class='ocrx_word' id='word_1_182' title='bbox 293 2212 651 2279; x_wconf 81' lang='grc' dir='ltr'><strong><em>ἐκπορίζουσα</em></strong></span> <span class='ocrx_word' id='word_1_183' title='bbox 670 2208 902 2279; x_wconf 78' lang='grc' dir='ltr'><strong><em>τάγαθά.</em></strong></span> 
     </span>
    </p>

    <p class='ocr_par' dir='ltr' id='par_1_14' title="bbox 308 2290 1717 2364">
     <span class='ocr_line' id='line_1_27' title="bbox 308 2290 1717 2364; baseline 0.004 -19"><span class='ocrx_word' id='word_1_184' title='bbox 308 2296 499 2345; x_wconf 89' lang='grc' dir='ltr'><em>ΜΕΝ.</em></span> <span class='ocrx_word' id='word_1_185' title='bbox 553 2297 683 2355; x_wconf 75' lang='grc' dir='ltr'><strong><em>Πῶς</em></strong></span> <span class='ocrx_word' id='word_1_186' title='bbox 699 2291 804 2360; x_wconf 78' lang='grc' dir='ltr'><strong><em>γὰρ</em></strong></span> <span class='ocrx_word' id='word_1_187' title='bbox 830 2291 966 2347; x_wconf 77' lang='grc' dir='ltr'><strong><em>ἄνευ</em></strong></span> <span class='ocrx_word' id='word_1_188' title='bbox 985 2291 1199 2347; x_wconf 87' lang='grc' dir='ltr'><strong><em>τούτων</em></strong></span> <span class='ocrx_word' id='word_1_189' title='bbox 1218 2290 1381 2364; x_wconf 76' lang='grc' dir='ltr'><strong><em>ἀρετὴ</em></strong></span> <span class='ocrx_word' id='word_1_190' title='bbox 1404 2293 1594 2363; x_wconf 85' lang='grc' dir='ltr'><strong><em>γένοιτ’</em></strong></span> <span class='ocrx_word' id='word_1_191' title='bbox 1619 2294 1717 2362; x_wconf 78' lang='grc' dir='ltr'><strong><em>ἅν;</em></strong></span> 
     </span>
    </p>

    <p class='ocr_par' dir='ltr' id='par_1_15' title="bbox 165 2370 1834 2606">
     <span class='ocr_line' id='line_1_28' title="bbox 307 2370 1834 2445; baseline 0.003 -19"><span class='ocrx_word' id='word_1_192' title='bbox 307 2377 432 2428; x_wconf 73' lang='grc' dir='ltr'><strong><em>ΣΩ.</em></strong></span> <span class='ocrx_word' id='word_1_193' title='bbox 473 2371 546 2426; x_wconf 86' lang='grc' dir='ltr'><strong><em>Τὸ</em></strong></span> <span class='ocrx_word' id='word_1_194' title='bbox 564 2372 622 2428; x_wconf 76' lang='grc' dir='ltr'><strong><em>δὲ</em></strong></span> <span class='ocrx_word' id='word_1_195' title='bbox 634 2370 706 2442; x_wconf 80' lang='grc' dir='ltr'><strong><em>μὴ</em></strong></span> <span class='ocrx_word' id='word_1_196' title='bbox 726 2375 1028 2443; x_wconf 80' lang='grc' dir='ltr'><strong><em>ἐκπορίζειν</em></strong></span> <span class='ocrx_word' id='word_1_197' title='bbox 1044 2379 1272 2444; x_wconf 86' lang='grc' dir='ltr'><strong><em>χρυσίον</em></strong></span> <span class='ocrx_word' id='word_1_198' title='bbox 1292 2375 1383 2428; x_wconf 88' lang='grc' dir='ltr'><strong><em>καὶ</em></strong></span> <span class='ocrx_word' id='word_1_199' title='bbox 1401 2373 1685 2445; x_wconf 75' lang='grc' dir='ltr'><strong><em>ἀργύριον,</em></strong></span> <span class='ocrx_word' id='word_1_200' title='bbox 1700 2375 1834 2430; x_wconf 84' lang='grc' dir='ltr'><strong><em>ὅταν</em></strong></span> 
     </span>
     <span class='ocr_line' id='line_1_29' title="bbox 165 2448 1831 2528; baseline 0.002 -20"><span class='ocrx_word' id='word_1_201' title='bbox 165 2454 240 2523; x_wconf 82' lang='grc' dir='ltr'><strong><em>μὴ</em></strong></span> <span class='ocrx_word' id='word_1_202' title='bbox 264 2457 479 2509; x_wconf 83' lang='grc' dir='ltr'><strong><em>δίκαιον</em></strong></span> <span class='ocrx_word' id='word_1_203' title='bbox 497 2448 559 2526; x_wconf 79' lang='grc' dir='ltr'><strong><em>ᾗ,</em></strong></span> <span class='ocrx_word' id='word_1_204' title='bbox 581 2454 715 2525; x_wconf 84' lang='grc' dir='ltr'><strong><em>μήτε</em></strong></span> <span class='ocrx_word' id='word_1_205' title='bbox 736 2453 888 2528; x_wconf 78' lang='grc' dir='ltr'><strong><em>αὐτῷ</em></strong></span> <span class='ocrx_word' id='word_1_206' title='bbox 906 2455 1040 2527; x_wconf 82' lang='grc' dir='ltr'><strong><em>μήτε</em></strong></span> <span class='ocrx_word' id='word_1_207' title='bbox 1060 2453 1207 2527; x_wconf 74' lang='grc' dir='ltr'><em>ἄλλῳ</em></span> <span class='ocrx_word' id='word_1_208' title='bbox 1223 2497 1237 2524; x_wconf 83' lang='grc'><strong><em>,</em></strong></span> <span class='ocrx_word' id='word_1_209' title='bbox 1276 2451 1378 2509; x_wconf 83' lang='grc' dir='ltr'><strong><em>οὐκ</em></strong></span> <span class='ocrx_word' id='word_1_210' title='bbox 1398 2453 1559 2527; x_wconf 72' lang='grc' dir='ltr'><strong><em>ἀρετή</em></strong></span> <span class='ocrx_word' id='word_1_211' title='bbox 1580 2458 1670 2511; x_wconf 83' lang='grc' dir='ltr'><strong><em>καὶ</em></strong></span> <span class='ocrx_word' id='word_1_212' title='bbox 1694 2455 1831 2526; x_wconf 77' lang='grc' dir='ltr'><strong><em>αὕτη</em></strong></span> 
     </span>
     <span class='ocr_line' id='line_1_30' title="bbox 166 2533 612 2606; baseline 0.004 -17"><span class='ocrx_word' id='word_1_213' title='bbox 166 2536 312 2590; x_wconf 80' lang='grc' dir='ltr'><strong><em>ἐστὶν</em></strong></span> <span class='ocrx_word' id='word_1_214' title='bbox 329 2533 363 2605; x_wconf 82' lang='grc' dir='ltr'><em>ἡ</em></span> <span class='ocrx_word' id='word_1_215' title='bbox 385 2533 612 2606; x_wconf 80' lang='grc' dir='ltr'><strong><em>ἀπορία;</em></strong></span> 
     </span>
    </p>

    <p class='ocr_par' dir='ltr' id='par_1_16' title="bbox 305 2621 802 2672">
     <span class='ocr_line' id='line_1_31' title="bbox 305 2621 802 2672; baseline 0.006 -3"><span class='ocrx_word' id='word_1_216' title='bbox 305 2621 490 2670; x_wconf 89' lang='grc' dir='ltr'><em>ΜΕΝ.</em></span> <span class='ocrx_word' id='word_1_217' title='bbox 530 2622 802 2672; x_wconf 81' lang='grc' dir='ltr'><strong><em>Φαίνεται.</em></strong></span> 
     </span>
    </p>

    <p class='ocr_par' dir='ltr' id='par_1_17' title="bbox 161 2695 1832 2855">
     <span class='ocr_line' id='line_1_32' title="bbox 303 2695 1832 2773; baseline 0.003 -22"><span class='ocrx_word' id='word_1_218' title='bbox 303 2702 428 2752; x_wconf 70' lang='grc' dir='ltr'><strong><em>ΣΩ.</em></strong></span> <span class='ocrx_word' id='word_1_219' title='bbox 473 2695 653 2752; x_wconf 79' lang='grc' dir='ltr'><strong><em>Οὐδὲν</em></strong></span> <span class='ocrx_word' id='word_1_220' title='bbox 674 2698 782 2768; x_wconf 81' lang='grc' dir='ltr'><strong><em>ἄρα</em></strong></span> <span class='ocrx_word' id='word_1_221' title='bbox 803 2706 1014 2769; x_wconf 80' lang='grc' dir='ltr'><strong><em>μᾶλλον</em></strong></span> <span class='ocrx_word' id='word_1_222' title='bbox 1034 2698 1061 2756; x_wconf 89' lang='grc' dir='ltr'>ὁ</span> <span class='ocrx_word' id='word_1_223' title='bbox 1086 2701 1257 2773; x_wconf 85' lang='grc' dir='ltr'><strong><em>πόρος</em></strong></span> <span class='ocrx_word' id='word_1_224' title='bbox 1275 2707 1386 2756; x_wconf 75' lang='grc' dir='ltr'><strong><em>τῶν</em></strong></span> <span class='ocrx_word' id='word_1_225' title='bbox 1406 2701 1674 2755; x_wconf 82' lang='grc' dir='ltr'><strong><em>τοιούτων</em></strong></span> <span class='ocrx_word' id='word_1_226' title='bbox 1693 2698 1832 2771; x_wconf 76' lang='grc' dir='ltr'><strong><em>ἄγα-</em></strong></span> 
     </span>
     <span class='ocr_line' id='line_1_33' title="bbox 161 2773 1832 2855; baseline 0.004 -23"><span class='ocrx_word' id='word_1_227' title='bbox 161 2782 287 2833; x_wconf 78' lang='grc' dir='ltr'><strong><em>θῶν</em></strong></span> <span class='ocrx_word' id='word_1_228' title='bbox 305 2773 341 2849; x_wconf 74' lang='grc' dir='ltr'><strong><em>ἦ</em></strong></span> <span class='ocrx_word' id='word_1_229' title='bbox 359 2775 393 2849; x_wconf 85' lang='grc' dir='ltr'><em>ἡ</em></span> <span class='ocrx_word' id='word_1_230' title='bbox 414 2776 617 2848; x_wconf 78' lang='grc' dir='ltr'><strong><em>ἀπορία</em></strong></span> <span class='ocrx_word' id='word_1_231' title='bbox 642 2777 806 2852; x_wconf 70' lang='grc' dir='ltr'><strong><em>ἀρετή</em></strong></span> <span class='ocrx_word' id='word_1_232' title='bbox 829 2777 900 2836; x_wconf 71' lang='grc' dir='ltr'><strong><em>ἂν</em></strong></span> <span class='ocrx_word' id='word_1_233' title='bbox 922 2789 1003 2854; x_wconf 74' lang='grc' dir='ltr'><strong><em>εἴη</em></strong></span> <span class='ocrx_word' id='word_1_234' title='bbox 1019 2824 1034 2854; x_wconf 80' lang='lat'>‚</span> <span class='ocrx_word' id='word_1_235' title='bbox 1066 2781 1206 2839; x_wconf 75' lang='grc' dir='ltr'><strong><em>ἄλλα</em></strong></span> <span class='ocrx_word' id='word_1_236' title='bbox 1217 2824 1234 2852; x_wconf 90' lang='grc'>,</span> <span class='ocrx_word' id='word_1_237' title='bbox 1267 2779 1339 2846; x_wconf 75' lang='grc' dir='ltr'><strong><em>ὥς</em></strong></span> <span class='ocrx_word' id='word_1_238' title='bbox 1359 2786 1566 2852; x_wconf 81' lang='grc' dir='ltr'><strong><em>ἔοικεν,</em></strong></span> <span class='ocrx_word' id='word_1_239' title='bbox 1589 2779 1622 2836; x_wconf 80' lang='grc' dir='ltr'><em>ὂ</em></span> <span class='ocrx_word' id='word_1_240' title='bbox 1639 2783 1740 2855; x_wconf 75' lang='grc' dir='ltr'><strong><em>μὲν</em></strong></span> <span class='ocrx_word' id='word_1_241' title='bbox 1760 2780 1832 2838; x_wconf 71' lang='grc' dir='ltr'><strong><em>ἄν</em></strong></span> 
     </span>
    </p>
   </div>
  </div>
 </body>
</html>
