1962 3112
189 93 294 148 374
780 104 1257 156 ΠΛΑΤΩΝΟΣ
1811 124 1864 166 12

331 237 429 287 III.
485 239 612 289 Ναί.

333 321 455 370 ΣΩ.
507 314 654 387 'Epa‘
676 323 870 372 τοίνυν
898 318 1031 390 μετὰ
1063 319 1217 376 τοῦτ’
1246 326 1478 396 ἐκεῖνος,
1513 329 1711 399 σχεδόν
1728 353 1777 385 τι
1799 322 1860 385 εὐ

191 395 358 452 οἶὸα’
331 420 390 452 εκ
411 405 510 452 τοῦ
530 399 743 469 τρόπου
762 402 1215 472 τεκμαιρόμενος·
1255 410 1295 462 ῶ
1323 413 1567 479 βέλτιστε
1589 412 1687 482 σύ,
1724 418 1781 468 τί
1805 413 1862 470 δὲ

191 479 364 550 χύτρα
385 480 549 566 καλή·
536 523 550 547 ,
591 480 660 537 οὐ
680 480 897 538 καλὸν’
874 484 1008 551 ἀρα;

128 575 161 615 D
335 570 435 620 III.
501 558 563 620 Ὦ
600 565 921 636 Σώκρατες,
959 574 1038 633 τίς
1076 573 1110 624 ὃ
1167 575 1314 628 ἔστιν
1350 572 1378 629 ὁ
1419 574 1746 644 ἄνθρωπος;
1793 575 1863 642 ὡς

190 644 519 711 ἀπαίδευτός
537 670 634 719 τις,
659 646 719 713 ὃς
737 648 882 705 οὕτω
904 658 1093 721 φαῦλα
1121 650 1367 725 ὀνόματα
1386 654 1675 728 ὀνομάζειν
1688 667 1863 734 τολμᾷ

190 731 251 783 ἐν
272 735 455 804 σεμνῷ
477 733 769 801 πράγματι.

330 818 455 867 ΣΩ.
517 814 780 879 Τοιοῦτός
799 838 905 886 τις,
939 809 986 871 ῶ
1013 814 1220 891 Ἱππί,α
1246 819 1314 875 οὐ
1334 819 1545 893 κομψὸς
1564 821 1702 879 ἀλλὰ
1723 841 1862 895 συρ-

191 895 373 966 φετός,
416 893 582 952 οὐδὲν
611 896 747 952 ἄλλο
780 904 1089 968 φροντίζων
1119 898 1156 972 ἢ
1193 902 1254 958 τὸ
1289 904 1506 975 ἀληθές.
1549 903 1674 961 ἀλλ’
1714 905 1864 976 ὅμως

189 977 519 1051 ἀποκριτέον
536 987 614 1035 τῶ
633 977 821 1052 ἀνδρί,
854 984 945 1038 καὶ
970 988 1141 1054 ἔγωγε
1160 993 1678 1059 προαποφαίνομαι·
1709 997 1862 1059 εἴπερ

187 1059 222 1132 ἡ
252 1062 425 1132 χύτρα
453 1067 895 1135 κεκεραμευμένη
925 1072 1006 1136 εἴη
1038 1063 1138 1120 ὑπ’
1175 1066 1397 1138 ἀγαθοῦ
1435 1073 1711 1141 κεραμέως
1745 1078 1862 1127 λεία

190 1146 280 1199 καὶ
319 1147 629 1218 στρογγύλη
668 1148 759 1203 καὶ
794 1155 974 1212 καλῶς
1012 1146 1330 1222 ὠπτημένη,
1381 1149 1492 1208 οἷαι
1527 1160 1641 1209 τῶν
1676 1161 1863 1210 καλῶν

190 1236 412 1299 χυτρῶν
431 1234 540 1285 εἰσί
549 1251 695 1295 τινες
715 1234 926 1301 δίωτοι,
965 1238 1078 1287 τῶν
1103 1234 1158 1297 ἓξ
1186 1233 1317 1303 χόας
1345 1242 1676 1308 χωρουσῶν,
1717 1237 1860 1308 πάγ-

125 1322 158 1362 Ε
189 1318 377 1382 καλαι,
420 1318 470 1368 εἰ
493 1313 757 1385 τοιαύτην
786 1313 1007 1389 ἐρωτῴη
1028 1315 1264 1385 χύτραν,
1294 1316 1472 1388 καλὴν
1491 1317 1856 1391 ὁμολογητέον

189 1393 341 1449 εἶναι.
364 1402 480 1460 πῶς
498 1394 605 1465 γὰρ
626 1393 699 1451 ἄν
723 1409 927 1467 φαῖμεν
946 1395 1120 1452 καλὸν
1139 1394 1206 1453 ὂν
1224 1396 1296 1469 μὴ
1317 1393 1492 1455 καλὸν
1511 1399 1650 1455 εἶναι
1669 1426 1682 1467 ;

327 1482 426 1532 111.
485 1475 782 1550 Οὐδαμῶς,
807 1482 849 1535 ῶ
870 1479 1178 1580 Σῶκρατες.
1945 1550 1949 1557 ,Ἴ

330 1566 454 1616 Σῼ.
518 1560 748 1618 Οὐκοῦν
767 1565 857 1617 καὶ
874 1563 1077 1634 χύτρα,
1099 1564 1290 1639 φήσει),
1322 1564 1460 1636 καλὴ
1483 1565 1683 1633 καλόν;
1722 1564 1859 1621 ἀπο-

186 1648 397 1716 κρίνου.

328 1735 429 1784 ΙΠ.
480 1726 622 1784 Ἀλλ’
649 1726 851 1799 οὕτως,
886 1723 931 1783 ῶ
957 1730 1282 1802 Σώκρατες,
1311 1735 1444 1802 ἔχει,
1477 1729 1650 1802 οἶμαι·
1687 1730 1862 1787 καλὸν
1942 1743 1949 1746 “

189 1810 291 1882 μὲν
320 1812 412 1865 καὶ
441 1815 604 1864 τοῦτο
634 1809 695 1865 τὰ
728 1811 925 1876 σκεῦός
956 1815 1068 1867 ἐστι
1087 1821 1268 1878 καλῶς
1297 1817 1684 1885 εἰργασμένον,
1723 1813 1860 1870 ἀλλὰ
1945 1811 1947 1813 ’

189 1891 251 1948 τὸ
285 1891 419 1949 ὅλον
440 1898 604 1948 τοῦτο
637 1891 740 1948 οὐκ
765 1898 911 1948 ἔστιν
942 1892 1097 1960 ἄξιον
1115 1902 1327 1965 κρίνειν
1356 1894 1427 1960 ῶς
1446 1893 1513 1951 ὂν
1532 1895 1704 1952 καλὸν
1723 1895 1862 1965 πρὸς
1942 1915 1945 1918 ·

189 1978 360 2030 ἵππον
380 1997 437 2029 τε
456 1977 545 2030 καὶ
571 1969 858 2047 παρθένον
879 1978 969 2032 καὶ
987 1973 1159 2034 τάλλα
1181 1979 1359 2034 πάντα
1378 1977 1444 2033 τὰ
1466 1979 1620 2034 καλά.

74 2072 160 2117 289
327 2063 452 2112 ΣΩ.
508 2056 641 2113 Εἶεν
656 2079 666 2089 ·
687 2059 989 2131 μανθάνω,
1013 2054 1056 2116 ῶ
1076 2059 1281 2133 Ἱππία,
1304 2060 1377 2129 ῶς
1394 2060 1502 2132 ἄρα
1519 2062 1621 2133 χρὴ
1647 2061 1862 2118 ἀντιλέ-
1940 2056 1949 2131 ,ἶ

189 2162 311 2211 γειν
329 2141 466 2210 πρὸς
485 2139 585 2195 τὸν
603 2148 775 2196 ταῦτα
795 2145 1085 2211 ἐρωτῶντα
1103 2146 1232 2201 τάδε
1245 2168 1256 2178 ·
1279 2141 1323 2201 ῶ
1342 2144 1626 2217 ἄνθρωπε,
1648 2143 1863 2215 ἀγνοεῖς

192 2223 278 2279 ὅτι
296 2224 358 2279 τὸ
381 2231 482 2279 τοῦ
508 2222 868 2293 Ἱ-Ιρακλείτου
889 2219 953 2280 εὖ
971 2230 1103 2299 ἔχει,
1145 2225 1216 2292 ὡς
1243 2227 1352 2300 ἄρα
1380 2229 1638 2299 πιθήκων
1665 2226 1692 2283 ὁ
1725 2226 1861 2283 κάλ·
1944 2205 1949 2250 '¹

190 2314 372 2371 λιστος
392 2307 613 2376 αἰσχρὸς
633 2306 965 2382 ἀνθρωπείῳ
983 2313 1131 2379 γένει
1150 2311 1511 2383 συμβάλλειν,
1533 2314 1625 2367 καὶ
1643 2318 1859 2381 χυτρῶν
1936 2354 1942 2359 «

191 2388 223 2460 ἡ
244 2395 501 2460 καλλίστη
522 2388 716 2461 αἰσχροὶ
736 2394 1037 2460 παρθένων
1054 2398 1201 2464 γένει
1221 2394 1578 2466 συμβάλλειν,
1599 2392 1673 2458 ὥς
1691 2409 1857 2463 φησιν
1931 2395 1942 2468 ζ

180 2470 387 2537 Ἱππίας
406 2471 434 2527 ὁ
457 2472 645 2543 σοφός.
687 2473 787 2544 οὐχ
807 2474 1010 2546 οὕτως,
1053 2470 1097 2531 ῶ
1117 2474 1320 2544 Ἱππία;
1929 2471 1931 2473 ’

332 2561 432 2610 ΙΠ.
491 2556 655 2611 Πάνυ
674 2558 775 2626 μὲν
796 2551 927 2627 οὖν,
951 2553 996 2612 ῶ
1016 2559 1338 2628 Σώκρατες,
1360 2557 1546 2627 ὀρθῶς
1565 2556 1856 2625 ἀπεκρίνω.

331 2643 415 2693 XI.
487 2645 610 2693 Σῼ.
679 2639 873 2694 ’Ἀκουε
908 2640 990 2711 δή.
1030 2641 1163 2712 μετὰ
1201 2649 1362 2697 τοῦτο
1398 2640 1504 2710 γὰρ
1542 2634 1607 2695 εὖ
1637 2638 1740 2694 οἷδ’
1779 2638 1860 2694 ὅτι
1933 2644 1941 2662 ‘³

193 2727 359 2791 φήσει
373 2743 383 2753 ·
404 2727 459 2776 τί
475 2723 560 2792 δέ,
584 2716 628 2776 ῶ
647 2723 965 2793 Σῶκρατες;
1002 2724 1062 2779 τὸ
1083 2731 1196 2779 τῶν
1215 2727 1514 2793 παρθένων
1531 2727 1690 2792 γένος
1706 2729 1861 2778 θεῶν
1924 2721 1934 2750 7

130 2819 162 2859 Β
193 2805 340 2874 γένει
361 2804 431 2860 ἅν
455 2827 534 2869 τις
568 2805 883 2879 συμβάλλῃ,
925 2805 994 2860 οὐ
1016 2805 1221 2864 ταύτὸν
1249 2812 1490 2861 πείσεται
1511 2804 1647 2875 ὅπερ
1667 2806 1728 2860 τὸ
1748 2814 1861 2859 τῶν
