2020 3094
101 155 130 198 5
679 141 1227 191 ΕΤΘΥΔΗΜΟΣ
1714 136 1784 188 93

100 282 329 353 βασιλέα
356 285 451 349 τῆς
481 276 675 348 ἀρχῆς·
698 276 928 330 τοσόνδε
952 277 1014 330 δέ
1029 295 1123 345 μοι
1142 281 1387 343 εἴπετον,
1419 274 1511 328 εἶ’
1485 294 1547 328 εν
1566 278 1648 346 νῷ
1667 277 1785 343 ἔχε-

100 385 202 422 τον
219 359 595 418 ἐπιδεικνύναι
613 358 823 428 ταύτην
842 355 945 427 τὴν
965 361 1188 426 σοφίαν,
1208 351 1245 426 ἦ
1264 360 1380 418 πῶς
1398 360 1561 428 σφῷν
1578 353 1784 425 βεβού-

0 458 9 485 ²
101 452 303 501 λευται.
375 438 489 497 Ἐπ’
511 439 647 495 αύτό
668 462 728 510 γε
748 445 912 494 τοῦτο
936 440 1246 508 πάρεσμεν,
1286 430 1671 505 ὦΣιόκρατες,
1711 433 1784 500 ὡς

102 528 430 590 ἐπιδείξοντε
450 524 536 579 καὶ
561 524 860 592 διδάξοντε,
885 520 983 574 ἐάν
999 542 1078 584 τις
1101 522 1266 591 ἐθέλῃ
1281 518 1611 589 μανθάνειν.
1641 513 1779 574 Ἀλλ’

3 616 9 629 “
103 608 311 680 ὅτιμὲν
340 607 707 677 ἐθελήσουσιν
743 603 983 668 ἅπαντες
1019 607 1075 658 οἷ
1107 601 1179 675 μὴ
1220 609 1460 673 ἔχοντες,
1500 599 1606 672 ε’γοὶ
1643 599 1783 672 ὑμῖν

103 694 408 761 ἐγγυῶμαι,
448 709 663 756 πρωτος
694 709 796 758 μεν
828 686 961 757 ἐγώ,
1000 690 1184 740 ἔπειτα
1215 684 1274 740 δὲ
1293 689 1549 748 Κλεινίας
1570 681 1781 748 οὑτοσί,

102 770 241 840 πρὸς
270 769 324 826 δ’
350 768 484 842 ἡμῖν
504 770 827 841 Κτήσιππός
854 790 912 823 τε
941 766 1035 823 οδε
1055 767 1146 823 καὶ
1165 788 1215 821 οι
1205 765 1394 821 ’άλλοι
1414 759 1595 836 οὗτοι,
1632 758 1706 835 ἦν
1725 760 1777 819 δ’

102 856 209 928 ἐγω
247 852 470 920 δεικνυς
506 853 659 928 αὐτῷ
695 852 828 918 τοὺς
862 850 1094 922 ἐραστὰς
1127 849 1259 915 τούς
1292 851 1690 905 Κλεινίου·οἰ
1723 849 1783 904 δὲ

102 940 405 1010 ἐτύγχανον
436 935 578 1009 ἡμᾶς
611 936 718 1008 ἤδη
766 935 1189 1006 περιιστάμενοι.
1239 929 1267 987 ὁ
1319 929 1427 1003 γὰρ
1466 931 1786 1002 Κτήσιππος

103 1027 256 1093 ἔτυχε
274 1021 465 1091 πόρρω
485 1019 853 1089 καθεζόμενος
873 1024 974 1073 τοῦ
993 1021 1281 1084 Κλεινίου,
1317 1016 1434 1086 ἐμοὶ
1463 1018 1672 1069 δοκεῖν·
1712 1008 1786 1077 ὥς

103 1103 156 1161 δ’
180 1099 524 1174 ἐτύγχανεν“
500 1126 530 1158 ο
551 1101 893 1172 Εὐθύδημος
923 1101 1040 1171 ἐμοὶ
1059 1097 1448 1172 ῥαλεγόμενος
1475 1115 1783 1165 προνενευ-

102 1188 215 1253 κώς
242 1192 317 1251 εἰς
345 1185 405 1241 τὸ
438 1185 719 1255 πρόσθεν,
757 1186 818 1239 ἐν
847 1187 995 1256 μέσῳ
1026 1180 1186 1246 ὄντος
1214 1177 1375 1251 ἡμῶν
1399 1185 1502 1234 τοῦ
1520 1182 1785 1234 Κλεινίου
1814 1194 1840 1236 ι

102 1269 387 1327 ἐπεσκότει
420 1274 499 1342 τῷ
527 1272 830 1339 Κτησίππω
867 1271 962 1335 τῆς
998 1270 1160 1327 θέας·
1201 1259 1544 1333 βουλόμενός
1581 1281 1639 1315 τε
1676 1252 1784 1314 οὖν

101 1351 420 1409 θεάσασθαι
439 1349 468 1405 ὁ
495 1349 812 1421 Κτήσιππος
839 1347 905 1403 τὰ
929 1345 1154 1403 παιδικά
1175 1347 1265 1401 καὶ
1285 1368 1397 1416 αμα
1417 1343 1684 1416 φιλήκοος
1702 1364 1784 1399 ων

102 1433 464 1506 ἀναπηδήσας
493 1438 709 1500 πρῶτος
745 1433 1017 1503 προσέστη
1047 1426 1178 1500 ἡμῖν
1202 1431 1264 1484 ἐν
1300 1434 1378 1501 τῷ
1416 1424 1779 1496 καταντικρύ

101 1515 279 1581 οὕτως
298 1508 403 1571 οὖν
421 1516 510 1570 καὶ
530 1518 587 1569 οἶ
602 1513 759 1570 άλλοι
779 1515 993 1568 ἐκεῖνον
1012 1511 1223 1575 ἰδόντες
1242 1511 1603 1580 περιέστησαν
1621 1506 1780 1579 ἡμᾶς,

102 1602 161 1654 οἵ
183 1619 241 1654 τε
270 1603 372 1653 τοῦ
390 1602 651 1652 Κλεινίου
680 1595 902 1666 ἐρασταὶ
930 1595 1022 1650 καὶ
1053 1597 1111 1649 οἱ
1125 1599 1228 1648 τοῦ
1246 1589 1599 1662 Εὐθυδήμου
1617 1611 1676 1645 τε
1692 1590 1785 1645 καὶ

103 1680 542 1749 Διονυσοδώρου
573 1681 792 1750 ἑταῖροι.
821 1678 1054 1742 τούτους
1085 1675 1151 1748 δὴ
1187 1674 1292 1747 ἐγω
1332 1673 1555 1740 δεικνὺς
1591 1678 1785 1743 ἔλεγον

104 1770 180 1837 τῷ
198 1760 522 1836 Εὐθυδήμῳ
538 1804 553 1830 ,
594 1760 680 1816 ὅτι
710 1760 912 1826 πάντες
941 1761 1147 1830 ἕτοιμοι
1166 1757 1277 1814 εἷεν
1295 1756 1635 1829 μανθάνειν·
1675 1754 1708 1811 ὅ
1725 1776 1784 1811 τε

104 1839 211 1901 οὖν
228 1843 549 1915 Κτήσιππος
570 1845 785 1913 συνέφη
804 1843 951 1914 μάλα
970 1841 1279 1911 προθύμως
1299 1841 1388 1895 καὶ
1409 1843 1466 1894 οἱ
1482 1837 1667 1909 ἄλλοι,
1689 1839 1781 1894 καὶ
1814 1854 1848 1894 D

103 1928 359 1984 ἐκέλευον
388 1923 537 1980 αὐτώ
566 1931 728 1998 κοινῇ
755 1925 956 1989 πάντες
984 1927 1363 1989 ἐπιδείξασθαι
1401 1920 1505 1993 τὴν
1542 1919 1786 1991 δύναμιν

109 2016 200 2082 τῆς
218 2015 431 2079 σοφίας.

245 2097 330 2147 lv.
407 2088 585 2146 Εἶπον
600 2083 709 2145 οὖν
724 2089 848 2160 ἐγώ,
865 2083 928 2144 Ὠ
947 2087 1253 2159 Εὐθύδημε
1269 2089 1359 2143 καὶ
1370 2085 1786 2154 Διονυσόδωρε,

104 2173 257 2228 πάνυ
285 2173 387 2243 μὲν
415 2166 521 2228 οὖν
549 2174 710 2227 παντὶ
739 2171 927 2245 τρόπῳ
957 2173 1048 2227 καὶ
1076 2172 1293 2236 τούτοις
1320 2176 1668 2241 χαρίσασθον
1696 2169 1787 2224 καὶ

103 2258 240 2326 ἐμοῦ
269 2255 430 2310 ἕνεκα
459 2256 810 2320 ἐπιδείξατον.
853 2252 920 2308 τὰ
949 2253 1051 2325 μὲν
1088 2247 1195 2309 οὖν
1230 2260 1454 2308 πλεῖστα
1492 2257 1664 2323 δῆλον
1701 2249 1786 2306 ὅτι

104 2335 210 2392 οὐκ
230 2335 421 2406 ὀλίγον
441 2339 608 2407 ἔργον
627 2338 887 2402 ἐπιδεῖξαι
902 2356 914 2367 ·
953 2335 1078 2391 τόδε
1100 2337 1164 2391 δέ
1178 2357 1271 2406 μοι
1291 2342 1526 2406 εἴπετον,
1549 2331 1786 2403 πότερον

102 2420 468 2489 πεπεισμένον
486 2417 610 2489 ἤδη,
632 2415 704 2483 ὥς
723 2418 822 2490 χρὴ
846 2415 966 2487 παρ’
992 2414 1152 2487 ὑμῶν
1171 2416 1501 2487 μανθάνειν,
1526 2410 1780 2470 δύναισθ’

104 2497 178 2556 ἆν
197 2497 417 2571 α’γαθόν
437 2507 662 2571 ποιῆσαι
683 2499 863 2569 ἄνδρα
882 2500 1077 2571 μόνον,
1099 2495 1135 2570 ἦ
1155 2500 1245 2555 καὶ
1269 2501 1484 2554 ἐκεῖνον
1502 2495 1601 2553 τὸν
1620 2498 1782 2569 μήπω
1818 2517 1852 2558 B.

105 2587 472 2655 πεπεισμένον
503 2582 590 2639 διὰ
618 2582 677 2639 τὸ
701 2583 773 2655 μὴ
796 2591 1015 2640 οἴεσθαι
1036 2581 1179 2647 ὅλως
1200 2583 1259 2638 τό
1287 2588 1514 2653 πρᾶγμα
1533 2579 1636 2653 τὴν
1654 2577 1786 2650 ἀρε-

103 2664 208 2736 τὴν
241 2664 496 2737 μαθητὸν
535 2663 672 2720 εἶναι
709 2663 744 2738 ἦ
780 2665 852 2737 μὴ
893 2665 1016 2737 σφω
1060 2664 1199 2722 εἶναι
1236 2662 1405 2737 αὐτῆς
1441 2663 1785 2730 διδασκάλω;

36 2753 37 2763 ’
105 2752 267 2818 φέρε,
303 2749 395 2804 καὶ
421 2747 523 2804 τὸν
553 2746 728 2813 οὕτως
759 2754 951 2819 ἔχοντα
971 2754 1065 2820 τῆς
1084 2749 1254 2820 αὐτῆς
1272 2751 1463 2819 τέχνης
1481 2751 1648 2818 ἔργον
1666 2756 1786 2801 πεῖ-

104 2849 225 2901 σαι,
263 2828 335 2895 ὦς
364 2833 453 2888 καὶ
478 2831 739 2887 διδακτὸν
767 2829 799 2903 ἡ
823 2829 986 2900 ἁρετὴ
1010 2833 1097 2887 καὶ
1118 2824 1274 2887 οὗτοι
1295 2828 1449 2902 ὑμεῖς
1465 2831 1611 2900 ἐστέ,
1649 2824 1784 2896 παρ’
