1962 3112
145 151 246 204 172
757 155 924 201 ΠΛΑ
940 154 1222 202 ΤΩΝΟΣ
1767 163 1823 207 82}

145 285 311 342 ὁπότε
339 284 438 342 τὸν
465 283 637 340 ταύτὰ
667 289 896 355 λέγοντα
927 283 1079 359 αὑτςο
1094 289 1392 383 μέμφεται,
1434 287 1662 358 δῆλον“
1627 311 1713 344 οτι
1733 308 1820 346 και

146 365 344 424 ἑαυτὸν
363 370 658 438 μέμφεται,
698 364 836 421 ὥστε
864 365 987 437 ἤτοι
1016 366 1076 421 τὸ
1109 366 1383 435 πρότερον
1399 363 1436 438 ἢ
1455 367 1690 440 ὕστερον
1714 367 1818 426 οὐκ

146 448 335 519 ὀρθως
367 450 525 519 λέγει.
584 446 754 504 εἰπών
782 441 887 502 οὖν
918 453 1091 503 ταῦτα
1122 455 1346 512 πολλοῖς
1380 449 1638 522 θόρυβον
1676 471 1819 520 παρ-

79 548 114 588 E
147 535 266 601 έσχε
296 533 386 586 καὶ
407 535 637 586 ἔπαινον
664 535 776 584 τῶν
805 526 1152 585 ἀκουόντων·
1191 531 1282 585 καὶ
1310 527 1416 600 ἐγω
1447 528 1508 585 τὸ
1542 553 1642 601 μεν
1660 552 1816 601 πρω-

143 635 270 684 τον,
316 611 549 682 ὡσπερεὶ
570 611 679 667 ὑπὸ
713 609 938 681 ἀγαθοῦ
967 611 1183 666 πύκτου
1202 618 1451 682 πληγείς,
1493 614 1816 684 ἐσκοτωθην

143 716 203 749 τε
238 695 331 749 καὶ
368 698 640 763 ἰλιγγιάσα
679 691 930 756 εἰπόντος
967 690 1143 748 αὐτοῦ
1177 700 1347 748 ταῦτα
1376 696 1467 749 καὶ
1496 701 1610 748 τῶν
1628 692 1814 751 ἄλλων

143 774 701 846 ἐπιθορυβησάντων·
750 777 959 843 ἔπειτα,
1001 773 1074 838 ὥς
1102 796 1164 844 γε
1193 774 1331 843 πρὸς
1359 775 1419 830 σὲ
1442 779 1698 845 εἰρῆσθαι
1716 774 1813 831 τά-

142 860 348 955 ληθῆ,’
324 879 415 912 ινα
437 878 530 927 μοι
547 854 744 926 χρόνος
763 856 1048 925 ἐγγένηται
1066 861 1133 927 τῇ
1154 857 1342 922 σκέψει
1361 862 1414 911 τί
1429 858 1580 927 λέγοι
1599 855 1627 911 6
1650 877 1811 928 ποιη-

139 940 261 1010 τής,
300 939 565 1008 τρέπομαι
594 936 731 1005 πρὸς
762 935 862 991 τὸν
892 936 1201 1040 Πρόδικον,
1241 938 1331 993 καὶ
1359 940 1592 1003 καλέσας
1620 937 1809 1009 αὐτόν,

132 1014 197 1076 Ὦ
215 1020 487 1090 Πρόδικε,
530 1023 673 1090 ἔφην
704 1018 837 1090 ἐγω,
877 1016 973 1082 σὸς
1001 1023 1188 1090 μέντοι
1217 1023 1533 1090 Σιμωνίδης
1561 1027 1810 1092 πολίτης·

25 1113 111 1157 340
141 1105 348 1165 δίκαιος
369 1099 417 1156 εἶ
435 1107 669 1173 βοηθεῖν
685 1105 760 1174 τῷ
780 1098 956 1171 ἀνδρί.
1012 1104 1160 1156 δοκω
1179 1123 1283 1156 ουν
1300 1122 1394 1171 μοι
1423 1100 1526 1171 ἐγώ
1561 1121 1810 1170 παρακα-

139 1191 256 1239 λεῖν
292 1185 378 1252 σε’,
419 1182 603 1251 ω’σπερ
642 1186 746 1252 ἔφη
769 1180 1009 1253 Όμηρος
1041 1182 1143 1237 τόν
1172 1181 1548 1252 Σκαμανδρον
1586 1189 1810 1251 πολιορ-

138 1265 417 1336 κούμενον
449 1262 559 1319 ὑπὸ
593 1270 694 1318 τοῦ
724 1263 1006 1333 Ἀχιλλέως
1027 1262 1126 1319 τὸν
1144 1263 1422 1334 Σιμόεντα
1455 1271 1808 1335 παρακαλεῖν,

138 1346 361 1402 εἰπόντα
377 1367 388 1376 ·

281 1432 406 1496 φίλε
426 1430 744 1497 κασίγνητε,
767 1430 968 1491 σθένος
987 1425 1182 1495 ἀνέρος
1203 1425 1506 1498 ἀμφότεροί
1521 1448 1622 1499 περ

278 1514 508 1578 σχῶμεν.

138 1588 274 1659 ἀτὰρ
295 1591 386 1644 καὶ
404 1589 507 1660 ἐγώ
531 1589 591 1645 σε
622 1596 952 1659 παρακαλω,
991 1588 1063 1660 μὴ
1095 1587 1226 1660 ημῖν
1255 1588 1284 1646 6
1303 1593 1676 1662 Πρωταγόρας
1707 1590 1806 1646 τὸν

135 1675 460 1742 Σιμωνίδην
480 1673 733 1743 ἐκπέρση.
788 1673 881 1727 καὶ
908 1671 1015 1742 γὰρ
1038 1674 1141 1727 οὐν
1160 1674 1250 1728 καὶ
1269 1677 1438 1729 δεῖται
1455 1673 1515 1729 τὸ
1537 1671 1677 1745 ὑπερ
1700 1681 1805 1728 Σι-

135 1757 381 1823 μωνίδου
411 1754 788 1825 ἐπανόρθωμα
817 1761 912 1826 τῆς
941 1762 1039 1826 σῆς
1069 1763 1351 1854 μουσικῆς,
1373 1749 1410 1828 ᾗ
1427 1756 1491 1812 τό
1518 1778 1576 1811 τε
1601 1756 1804 1827 βούλε-

73 1855 103 1894 Β
136 1843 272 1890 σθαι
290 1836 380 1890 καὶ
409 1837 704 1907 ἐπιθυμεῖν
724 1840 948 1905 διαιρεῖς
981 1858 1055 1901 ως
1077 1834 1146 1891 οὐ
1164 1834 1374 1891 ταύτὸν
1393 1836 1489 1906 ὅν,
1533 1839 1622 1892 καὶ
1642 1835 1678 1892 ὁὶ
1695 1845 1804 1892 νῦν

135 1914 202 1986 δὴ
224 1914 366 1980 εἶπες
385 1916 562 1972 πολλά
579 1938 637 1971 τε
657 1918 745 1971 καὶ
766 1918 923 1973 καλά.
975 1919 1065 1973 καὶ
1093 1925 1203 1974 νῦν
1231 1919 1449 1989 σκόπει,
1492 1927 1544 1974 εἴ
1558 1935 1645 1974 σοι
1664 1937 1802 1974 συν-

133 2001 289 2054 δοκεῖ
313 1996 449 2069 ὅπερ
479 2000 613 2070 ἐμοί.
670 1998 738 2053 οὐ
767 1999 871 2068 γὰρ
902 2005 1154 2070 φαίνεται
1182 2001 1403 2055 ἐναντία
1431 2002 1610 2069 λέγειν
1638 1997 1803 2064 αὐτὸς

133 2077 286 2154 αὐτῷ
304 2083 636 2150 Σιμωνίδης.
678 2077 747 2134 σὺ
768 2080 902 2151 γάρ,
929 2075 972 2135 ὦ
991 2081 1261 2151 Πρόδικε,
1283 2080 1681 2151 προαπόφηναι
1699 2079 1800 2151 τὴν

135 2159 241 2232 σὴν
271 2161 523 2232 γνώμην·
580 2159 786 2216 ταύτόν
815 2179 903 2217 σοι
932 2166 1086 2217 δοκεῖ
1109 2161 1248 2217 εἶναι
1265 2159 1325 2217 τὸ
1347 2165 1611 2231 γενέσθαι
1629 2163 1719 2216 καὶ
1738 2160 1798 2216 τὸ

133 2241 299 2310 εἶναι,
336 2239 372 2313 ἢ
401 2242 562 2309 ἄλλω
586 2241 750 2299 ’Άλλο
778 2241 847 2314 νὴ
868 2241 983 2312 Δί’,
1016 2249 1118 2315 ἔφη
1150 2241 1178 2299 6
1202 2244 1490 2313 Πρόδικος.
1553 2242 1797 2312 Οὐκοῦν,

130 2327 272 2394 ἔφην
310 2323 443 2394 ἐγώ,
483 2327 543 2379 ἐν
562 2326 664 2395 μὲν
692 2337 802 2390 τοῖς
829 2326 1065 2395 πρώτοις
1099 2324 1265 2391 αὐτὸς
1295 2324 1324 2382 ὁ
1348 2329 1662 2396 Σιμωνίδης
1698 2323 1801 2395 τὴν

130 2406 333 2459 ἑαυτοῦ
349 2406 579 2476 γνώμην
607 2405 954 2478 ἀπεφήνατο,
994 2405 1076 2461 ὅτι
1105 2406 1282 2476 ἄνδρα
1310 2404 1532 2476 ἀγαθὸν
1561 2404 1795 2477 ἀληθείᾳ

71 2500 101 2542 C
130 2488 392 2555 γενέσθαι
419 2486 661 2557 χαλεπὸν
691 2497 799 2561 εἴη;
845 2486 1054 2560 Ἀληθῆ
1083 2492 1280 2558 λέγεις,
1322 2494 1427 2559 ἔφη
1457 2486 1486 2542 ὁ
1505 2488 1796 2557 Πρόδικος.

131 2565 244 2621 Τὸν
263 2571 325 2622 δέ
341 2590 402 2637 γε
421 2570 727 2639 Πιττακόν,
766 2565 841 2641 ἦν
862 2569 915 2625 δ’
936 2570 1060 2641 ἐγώ,
1083 2574 1376 2641 μέμφεται,
1415 2566 1516 2639 οὐχ
1537 2566 1608 2632 ὡς
1628 2577 1796 2623 οἰέται
1819 2623 1823 2626 ,

124 2649 517 2720 Πρωταγόρας,
539 2649 746 2706 ταύτὸν
767 2653 945 2724 ἑαυτῷ
971 2655 1232 2721 λέγοντα,
1272 2647 1385 2706 ἀλλ’
1406 2649 1555 2704 ἄλλο.
1599 2646 1668 2703 οὐ
1686 2648 1792 2718 γὰρ

123 2733 286 2784 τοῦτο
317 2726 347 2785 ὁ
377 2729 648 2797 Πιττακὸς
676 2737 824 2803 ἔλεγε
853 2731 913 2787 τὸ
959 2733 1225 2803 χαλεπόν,
1262 2734 1526 2802 γενέσθαι
1563 2730 1788 2800 ἐσθλόν,
1912 2784 1913 2787 ,

126 2809 312 2878 ὥσπερ
343 2810 373 2868 ὁ
397 2818 741 2885 Σιμωνίδης,
781 2813 918 2870 ἀλλὰ
958 2814 1018 2871 τό
1051 2821 1302 2888 ἔμμεναι·
1341 2819 1455 2870 ἔστι
1477 2811 1536 2869 δὲ
1559 2811 1627 2868 οὐ
1655 2811 1792 2867 ταύ-
1832 2852 1835 2855 x
1910 2815 1911 2818 ’
