1962 3112
110 172 172 217 83
676 165 1210 220 ΜΕΝΕΞΕΝΟΣ.
1686 167 1790 220 445

111 299 191 368 εἷς
222 299 379 372 ὅρος,
416 300 447 355 ὁ
477 299 641 367 δόξας
657 297 887 372 σοφὸςῆ
909 299 1124 372 ἀγαθὸς
1142 300 1283 356 εἶναι
1302 314 1493 371 κρατεῖ
1508 304 1597 358 καὶ
1619 302 1789 375 ἄρχει.

113 389 257 440 αἰτία
285 383 344 439 δὲ
371 381 504 454 ἡμῖν
533 389 630 454 τῆς
658 388 931 447 πολιτείας
959 383 1162 454 ταύτης
1190 380 1224 454 ἡ
1255 385 1308 449 ἐξ
1328 391 1456 440 ἴσου
1474 386 1701 454 γένεσις.
1734 387 1795 440 αἱ
1825 395 1856 436 E

111 466 215 536 μὲν
242 462 350 535 γὰρ
381 463 546 519 ἄλλαι
574 463 763 528 πόλεις
791 466 852 519 ἐκ
883 468 1259 520 παντοδαπῶν
1289 468 1792 538 κατεσκευασμέναι

112 544 439 614 ἀνθρώπων
457 548 561 601 εἰσὶ
578 547 668 600 καὶ
684 542 1013 615 ἀνωμάλων,
1035 544 1175 600 ὥστε
1194 545 1382 601 αὐτῶν
1395 546 1683 619 ἀνώμαλοι
1699 549 1791 603 καὶ

112 632 175 685 αἰ
189 635 480 697 πολιτεῖαι,
518 630 845 698 τυραννίδες
865 648 921 681 τε
941 628 1031 682 καὶ
1051 624 1382 699 ὀλιγαρχίαι·
1414 635 1666 685 οἰκοῦσιν
1687 623 1793 684 οὖν

113 715 251 767 ἔνιοι
269 708 374 781 μὲν
397 708 662 776 δούλους,
700 711 757 763 οἱ
783 708 842 763 δὲ
874 708 1142 774 δεσπότας
1161 707 1434 781 ἀλλήλους
1454 717 1790 784 νομίζοντες”

112 790 269 864 ἡμεῖς
300 790 476 846 δὲκαὶ
514 793 572 845 οἱ
603 787 885 861 ἡμέτεροι,
923 795 1051 860 μιᾶς
1086 788 1292 860 μητρὸς
1325 791 1526 857 πάντες
1563 791 1797 862 ἀδελφοὶ
1825 807 1910 853 239

116 873 365 945 fimes,-
400 870 504 927 οὐκ
548 869 809 942 ἀξιοῦμεν
846 874 1038 926 δοῦλοι
1074 868 1205 926 οὐδὲ
1244 873 1505 929 δεσπόται
1539 873 1795 944 ἀλλήλων

118 954 274 1025 εἶναι,
297 951 410 1009 ἀλλ’
430 951 465 1025 ἡ
486 957 735 1024 ίσογονία
753 950 894 1024 ἡμᾶς
911 952 945 1023 ἡ
965 951 1103 1008 κατὰ
1117 955 1293 1024 φύσιν
1312 961 1600 1027 ἰσονομίαν
1618 955 1796 1027 ἀναγ-

117 1037 268 1103 κάζει
296 1040 472 1106 ζητεῖν
497 1034 633 1090 κατὰ
660 1034 859 1105 νόμον,
880 1036 968 1090 καὶ
985 1036 1180 1105 μηδενὶ
1199 1035 1346 1110 ἄλλῳ
1364 1035 1613 1093 ὑπείκειν
1626 1036 1798 1109 ἀλλή-

123 1126 232 1183 λοις
252 1114 287 1189 ἦ
306 1115 503 1187 ἀρετῆς
525 1115 656 1189 δόξῃ
676 1117 766 1171 καὶ
785 1116 1124 1187 φρονήσεως.

256 1204 340 1254 ΙΧ.
398 1196 572 1253 Ὅθεν
617 1196 683 1268 δή
722 1199 783 1251 ἐν
816 1196 968 1269 πάσῃ
1006 1200 1296 1270 ἐλευθερία
1342 1201 1714 1269 τεθραμμένοι
1747 1202 1803 1253 οὗ

121 1283 293 1336 τῶνδε
312 1283 540 1350 πατέρες
558 1282 649 1334 καὶ
669 1282 726 1333 οἰ
738 1276 991 1349 ἡμέτεροι
1011 1280 1100 1334 καὶ
1119 1276 1274 1334 αὐτοὶ
1295 1272 1476 1351 οὗτοι,
1507 1281 1598 1335 καὶ
1618 1286 1799 1344 καλῶς

23 1384 25 1386 ·
116 1364 350 1435 φύντες,
383 1359 560 1418 πολλὰ
584 1360 650 1432 δὴ
676 1362 769 1417 καὶ
795 1360 935 1416 καλὰ
964 1365 1095 1431 ἔργα
1115 1359 1472 1433 ἀπεφήναντο
1494 1366 1570 1426 είς
1588 1362 1800 1426 πάντας

19 1492 24 1499 .
118 1444 459 1515 ἀνθρώπους
489 1445 580 1500 καὶ
611 1447 722 1516 ἰδίᾳ
742 1444 832 1499 καὶ
852 1446 1115 1516 δημοσίᾳ,
1149 1442 1393 1515 οἰόμενοι
1412 1448 1528 1500 δεῖν
1547 1442 1687 1515 ὑπὲρ
1705 1451 1801 1515 τῆς
1834 1459 1863 1499 Β

117 1529 440 1596 ἐλευθερίας
475 1527 566 1581 καὶ
599 1524 861 1596 ’Ἑλλησιν
899 1523 1038 1594 ὑπὲρ
1079 1522 1359 1596 Ἑλλήνων
1397 1525 1674 1596 μάχεσθαι
1710 1525 1802 1580 καὶ

0 1635 4 1673 ς
117 1611 420 1682 βαρβάροις
440 1606 582 1677 ὑπὲρ
602 1605 865 1664 ἁπάντων
884 1603 1298 1677 τῶνἙλλήνων.
1374 1606 1680 1678 Εὐμόλπου
1700 1607 1803 1678 μὲν

0 1681 6 1773 ἶ
37 1753 44 1759 ,
118 1686 227 1747 οὖν
249 1690 339 1746 καὶ
362 1687 679 1761 Ἀμαζόνων
707 1687 1256 1759 ἐπιστρατευσάντων
1275 1689 1363 1744 ἐπὶ
1381 1686 1484 1759 τὴν
1502 1688 1691 1759 χώραν
1710 1689 1803 1743 καὶ

32 1781 43 1819 3
120 1779 235 1830 τῶν
255 1777 335 1829 ἔτι
355 1773 642 1843 προτέρων
665 1769 738 1836 ὡς
755 1769 1071 1843 ἠμύναντο,
1094 1772 1184 1826 καὶ
1206 1767 1278 1835 ὡς
1295 1768 1518 1841 ἤμυναν
1540 1769 1804 1841 Ἀργείοις

38 1849 61 1927 f,
122 1855 261 1925 πρὸς
292 1857 604 1925 Καδμείους
634 1854 725 1908 καὶ
754 1850 1131 1921 Ἡρακλείδαις
1161 1850 1300 1920 πρὸς
1335 1850 1639 1923 Ἀργείους,
1677 1848 1707 1905 ὅ
1746 1870 1802 1905 τε

122 1937 321 2009 χρόνος
335 1937 546 2008 βραχὺς
566 1933 728 2002 ἀξίως
747 1934 1146 2006 διηγήσασθαι,
1177 1939 1400 2005 ποιηταί
1414 1956 1471 1990 τε
1491 1933 1679 1989 αὐτων
1696 1931 1804 2003 ἤδη

120 2021 327 2083 ἱκανῶς
356 2016 459 2089 τὴν
489 2015 692 2089 ἀρετὴν
722 2019 783 2073 ἐν
821 2025 1062 2089 μουσικῇ
1096 2015 1443 2088 ὑμνήσαντες
1484 2021 1560 2081 είς
1597 2013 1806 2078 πάντας

61 2092 66 2099 ’
66 2099 530 2172 μεμηνύκασιν·
571 2098 671 2155 ἐὰν
701 2093 808 2154 οὖν
837 2097 990 2170 ἡμεῖς
1018 2101 1374 2170 ἐπιχειρωμεν
1402 2095 1467 2154 τά
1489 2096 1631 2153 αὐτὰ
1653 2097 1802 2171 λόγῳ
1836 2114 1868 2157 G

120 2189 264 2258 ψιλῷ
294 2194 549 2255 κοσμεῖν,
587 2181 709 2254 τάχ’
739 2205 811 2238 αν
840 2183 1090 2253 δεύτεροι
1120 2189 1474 2255 φαινοίμεθα.
1514 2183 1806 2254 ταῦταμὲν

47 2278 68 2335 .‚'
122 2261 229 2324 οὖν
250 2265 341 2323 διὰ
361 2275 535 2323 ταῦτα
559 2271 716 2323 δοκεῖ
728 2290 821 2339 μοι
850 2271 975 2341 έᾷν,
1015 2268 1199 2340 ἐπειδὴ
1229 2270 1321 2324 καὶ
1350 2272 1455 2339 ἔχει
1484 2267 1587 2339 τήν
1615 2265 1802 2333 &glav-

51 2358 68 2392 Γ
126 2371 207 2406 ων
225 2350 283 2406 δὲ
305 2347 434 2406 οὔτε
454 2348 682 2422 ποιητής
712 2370 796 2405 πω
818 2350 987 2416 δόξαν
1016 2348 1174 2417 ἀξίαν
1193 2349 1280 2406 ἐπ’
1306 2349 1473 2417 ἀξίοις
1492 2349 1681 2424 λαβὼν
1702 2355 1808 2421 ἔχει

124 2437 202 2489 ἔτι
230 2455 259 2487 τ
267 2429 457 2488 ’ἐστὶν
490 2434 549 2486 ἐν
578 2429 879 2504 ἀμνηστίᾳ,
916 2432 1131 2488 τούτων
1160 2435 1285 2502 πέρι
1313 2454 1406 2504 μοι
1431 2436 1586 2488 δοκεῖ
1611 2440 1808 2503 χρῆναι

0 2539 4 2575 :
79 2534 83 2538 ·
125 2516 539 2585 ἐπιμνησθῆναι
568 2514 905 2570 ἐπαινοῦντά
936 2537 990 2570 τε
1014 2517 1105 2570 καὶ
1126 2515 1531 2587 προμνώμενον
1550 2514 1736 2581 ἄλλοις
1755 2516 1808 2580 ἐς

4 2640 8 2651 ,
76 2625 82 2647 κ
127 2590 275 2668 ᾠδάς
304 2616 359 2649 τε
391 2596 481 2650 καὶ
511 2593 615 2666 τὴν
643 2594 819 2667 ἄλλην
846 2602 1070 2667 ποίησιν
1101 2594 1240 2652 αὐτὰ
1271 2606 1458 2653 θεῖναι
1487 2596 1809 2668 πρεπόντως

126 2681 241 2732 τῶν
259 2676 603 2744 πραξάντων.
638 2682 750 2734 ἔστι
772 2677 830 2733 δὲ
850 2678 1064 2734 τούτων
1086 2673 1167 2734 ών
1188 2681 1327 2750 λέγω
1347 2687 1535 2750 πρώτα
1550 2703 1560 2712 ·
1590 2682 1809 2747 Πέρσας

127 2757 474 2830 ἡγουμένους
503 2766 598 2832 τῆς
622 2760 801 2827 Ἀσίας
830 2764 919 2817 καὶ
945 2765 1358 2834 δουλουμένους
1393 2761 1495 2835 τὴν
1527 2762 1809 2835 Εὐρώπην
1843 2784 1872 2821 ι)

89 2861 97 2870 ·
134 2844 291 2912 ἶσχον
324 2843 381 2897 οἱ
407 2846 572 2914 τῆσδε
597 2849 693 2915 τῆς
726 2843 907 2915 χώρας
942 2847 1189 2916 ἔκγονοι,
1229 2857 1411 2918 γονεῖς
1448 2847 1506 2902 δὲ
1539 2843 1808 2918 ἡμέτεροι,
