1994 3100
719 110 1182 158 ΧΛΡΜΙΔΗΣ.
1751 108 1784 161 7

95 243 168 303 ἆυ
186 251 328 317 ἔχειν
347 248 606 311 ἐπιδεῖξαι
618 287 634 314 ,
670 250 857 300 ποίαιν
876 247 1036 299 δυοῖν
1053 248 1256 300 οἰκίαιν
1270 244 1687 300 συνελθούσαιν
1706 250 1784 310 εἰς

8 323 12 326 ’
94 327 304 385 ταύτὸν
338 334 454 384 τῶν
485 327 790 400 Ἀθήνῃσιν
824 329 886 382 ἐκ
920 331 1036 381 τῶν
1063 324 1294 381 εἰκότων
1327 333 1570 383 καλλίων
1598 322 1672 382 ἄν
1690 327 1781 382 καὶ

95 409 343 483 ἀμείνων
359 411 650 482 γενήσεται
670 407 707 482 ἦ
729 412 782 476 ἐξ
804 402 886 465 ὦν
904 407 977 464 σύ
996 410 1242 479 γέγονας.
1299 408 1337 480 ἥ
1354 431 1412 465 τε
1426 407 1534 480 γὰρ
1553 407 1782 483 πατρῴα

94 492 228 565 ὑμῖν
247 499 392 550 οἰκία
404 537 419 563 ,
448 492 483 565 ἡ
503 499 736 564 Κριτίου
755 499 858 548 τοῦ
875 494 1209 560 Δρωπίδου,
1238 495 1330 547 καὶ
1348 489 1436 547 ὑπ’
1453 491 1783 563 Ἀνακρέον-

96 598 189 642 τος
224 579 316 633 καὶ
354 574 463 633 ὑπὸ
497 577 763 641 Σόλωνος
797 576 888 630 καὶ
926 570 1016 628 ὑπ’
1056 572 1244 629 ἄλλων
1278 581 1503 632 πολλῶν
1537 580 1782 647 ποιητῶν

97 662 578 731 έγκεκωμιασμένη
596 661 966 728 παραδέδοται
983 654 1144 728 ἡμῖν,
1188 654 1260 721 ῶς
1280 659 1623 728 διαφέρουσα
1642 657 1783 714 κάλ-

96 750 180 799 λει
197 765 255 798 τε
275 744 367 799 καὶ
386 740 555 814 ἀρετῇ
573 743 664 797 καὶ
682 747 752 813 τῇ
770 739 908 813 ἄλλῃ
929 741 1197 810 λεγομένῃ
1217 737 1562 814 εὐδαιμονίᾳ·
1596 743 1689 798 καὶ
1707 734 1782 796 αὖ
1812 755 1899 801 168

94 825 130 898 ἡ
150 825 289 895 πρὸς
306 825 514 897 μητρὸς
535 822 823 888 ὡσαύτως·
860 822 1266 893 Πυριλάμπους
1283 824 1390 894 γὰρ
1407 830 1510 879 τοῦ
1529 830 1636 878 σοῦ
1653 829 1779 879 θεί-

26 964 28 972 s
94 931 166 965 ov
185 906 368 974 οὐδεὶς
404 914 517 963 τῶν
545 910 608 963 ἐν
635 914 702 979 τῇ
730 904 937 979 ἠπείρῳ
967 907 1180 976 λέγεται
1201 913 1443 963 καλλίων
1472 909 1563 963 καὶ
1581 911 1780 979 μείζων

94 988 239 1060 ἀνὴρ
261 990 417 1055 δόξαι
443 987 612 1058 εἶναι,
649 986 842 1053 ὁσάκις
868 991 1077 1052 ἐκεῖνος
1102 984 1140 1060 ἦ
1169 987 1319 1058 παρὰ
1344 994 1521 1060 μέγαν
1550 992 1779 1060 βασιλέα

23 1140 25 1149 ⁴
96 1069 131 1144 ἦ
149 1071 274 1141 παρ’
294 1072 468 1128 ἄλλον
485 1071 609 1128 τινα
628 1077 743 1127 τῶν
769 1074 831 1127 ἐν
850 1076 921 1144 τῇ
939 1068 1148 1145 ἠπείρῳ
1171 1070 1498 1143 πρεσβεύων
1526 1069 1776 1142 ἀφίκετο,

22 1207 24 1210 ,
94 1155 357 1226 σύμπασα
386 1155 446 1212 δὲ
476 1152 616 1226 αὕτη
643 1152 678 1226 ἡ
700 1158 845 1210 οἰκία
873 1153 1043 1211 οὐδὲν
1070 1162 1167 1226 τῆς
1183 1156 1369 1226 ἑτέρας
1388 1152 1774 1227 ὑποδεεστέρα.

93 1240 153 1292 ἐκ
175 1235 242 1308 δὴ
263 1237 537 1292 τοιούτων
553 1237 824 1308 γεγονότα
837 1237 985 1302 εἰκός
1003 1256 1065 1293 σε
1080 1243 1156 1303 εἰς
1174 1239 1356 1295 πάντα
1376 1245 1602 1311 πρῶτον
1620 1237 1776 1295 εἶναι.

20 1315 23 1320 ’
92 1320 159 1375 τὰ
189 1319 293 1390 μὲν
312 1313 419 1375 οὖν
447 1317 704 1389 ὁρώμενα
738 1326 834 1390 τῆς
866 1322 1038 1393 ἰδέας,
1078 1315 1123 1376 ὦ
1151 1327 1277 1393 φίλε
1307 1320 1775 1392 παῖΓλαύκωνος,

94 1406 275 1468 δοκεῖς
302 1425 397 1474 μοι
426 1400 630 1458 οὐδένα
654 1407 769 1457 τῶν
802 1401 911 1473 πρὸ
934 1409 1039 1460 σοῦ
1060 1407 1121 1460 ἐν
1140 1403 1330 1461 οὐδενὶ
1360 1404 1774 1476 καταισχύνειν·
1806 1425 1841 1467 Β

95 1487 222 1542 εἰδὲ
243 1484 309 1557 δὴ
330 1483 583 1555 καὶπρὸς
602 1486 982 1558 σωφροσύνην
1009 1489 1100 1544 καὶ
1123 1482 1295 1544 τᾶλλα
1324 1486 1464 1543 κατὰ
1484 1485 1584 1543 τὸν
1610 1491 1776 1542 τοῦδε

98 1570 267 1640 λόγον
285 1572 491 1635 ἱκανῶς
509 1573 790 1640 πέφυκας,
825 1570 1101 1641 μακάριόν
1121 1589 1207 1640 σε,
1244 1565 1315 1642 ἦν
1335 1569 1386 1626 δ’
1406 1568 1517 1640 ἐγώ
1531 1612 1546 1640 ,
1587 1563 1631 1625 ὦ
1653 1575 1777 1639 φίλε

96 1655 378 1723 Χαρμίδη,
398 1649 431 1723 ἡ
451 1652 630 1723 μήτηρ
651 1657 874 1708 ἔτικτεν.
923 1657 1030 1724 ἔχει
1049 1652 1100 1709 δ’
1126 1646 1232 1710 οὖν
1250 1652 1443 1718 οὕτως.
1499 1656 1550 1707 εἰ
1564 1653 1668 1722 μέν
1690 1669 1780 1708 σοι

14 1758 15 1763 ’
95 1733 198 1806 ἤδη
228 1735 522 1806 πάρεστιν,
563 1733 635 1800 ῶς
664 1740 807 1806 λέγει
825 1742 1052 1804 Κριτίας
1082 1734 1205 1806 ὅδε,
1242 1734 1582 1807 σωφροσύνη
1612 1738 1703 1790 καὶ
1731 1735 1782 1792 εἷ

93 1818 340 1887 σώφρων
359 1821 593 1891 ἱκανῶς,
624 1818 792 1876 οὐδὲν
821 1824 899 1875 ἔτι
918 1838 1006 1875 σοι
1025 1823 1136 1875 ἔδει
1156 1817 1286 1875 οὔτε
1304 1826 1419 1874 τῶν
1437 1813 1778 1890 Ζαλμόξιδος

30 1937 37 1943 -
92 1899 220 1957 οὔτε
238 1906 352 1957 τῶν
377 1898 665 1974 Ἀβάριδος
682 1908 783 1958 τοῦ
806 1900 1172 1975 Ὑπερβορέου
1200 1905 1459 1977 ἐπῳδῶν,
1499 1899 1613 1958 ἀλλ’
1638 1901 1776 1958 αὐτό

90 2001 179 2039 σοι
208 1979 283 2040 ἄν
311 1983 417 2056 ἤδη
449 1987 644 2041 δοτέον
674 1993 755 2057 εἴη
786 1983 847 2040 τό
880 1993 975 2057 τῆς
1003 1993 1249 2058 κεφαλῆς
1269 1986 1595 2058 φάρμακον·
1652 1989 1704 2042 εἰ
1719 1983 1774 2041 δ’
1808 1994 1841 2038 G

90 2070 169 2123 ἔτι
200 2067 420 2123 τούτων
449 2066 668 2140 ἐπιδεὴς
697 2067 840 2124 εἶναι
875 2071 1082 2141 δοκεῖς,
1124 2070 1394 2143 ἐπᾳστέον
1412 2068 1520 2140 πρὸ
1551 2076 1647 2141 τῆς
1674 2075 1778 2124 τοῦ

92 2150 392 2221 φαρμάκου
412 2151 632 2216 δόσεως.
694 2149 863 2217 αὐτὸς
881 2145 987 2208 οὖν
1006 2173 1100 2223 μοι
1119 2154 1261 2222 εἰπέ,
1300 2151 1540 2222 πότερον
1570 2150 1778 2223 ὁμολο-

91 2244 204 2303 γεῖς
221 2235 362 2302 τῷδε
393 2235 484 2289 καὶ
513 2234 624 2305 φῂς
650 2238 854 2300 ἱκανῶς
882 2234 987 2307 ἤδη
1020 2237 1112 2291 καὶ
1140 2236 1514 2307 σωφροσύνης
1532 2239 1777 2307 μετέχειν

88 2311 125 2386 ἦ
152 2314 345 2386 ε’νδεὴς
373 2314 540 2383 εἶναι;
576 2315 1014 2389 Ἀνερυθριάσας
1037 2311 1142 2373 οὗν
1171 2314 1201 2373 ὁ
1231 2322 1514 2390 Χαρμίδης
1550 2325 1774 2388 πρῶτον

0 2450 2 2470 s
90 2401 192 2469 μὲν
212 2403 291 2455 ἔτι
309 2405 554 2455 καλλίων
574 2401 756 2471 ἐφάνη
773 2422 784 2432 ·
805 2399 1023 2471 καὶγὰρ
1041 2399 1102 2456 τὸ
1124 2398 1494 2473 αἰσχυντηλὸν
1513 2399 1689 2457 αὐτοῦ
1707 2409 1772 2474 τῇ

15 2541 19 2556 ,
92 2480 271 2556 ἡλικίᾳ
308 2486 572 2550 ἔπρεψεν·
630 2486 813 2538 ἔπειτα
851 2484 940 2539 καὶ
981 2481 1086 2539 οὐκ
1126 2482 1374 2556 ἀγεννῶς
1410 2481 1772 2554 ἀπεκρίνατο·

24 2558 30 2564 ’
88 2561 204 2619 εἶπε
225 2563 332 2634 γάρ
351 2563 437 2620 ὅτι
457 2562 526 2619 οὐ
545 2565 744 2639 ῥᾴδιον
774 2573 857 2637 εἰη
877 2568 936 2622 ἐν
965 2573 1043 2642 τῷ
1072 2569 1307 2636 παρόντι
1326 2565 1459 2624 οὔθ’
1480 2565 1773 2640 ὁμολογεῖν

89 2645 216 2702 οὔτε
236 2646 448 2721 ἐξάρνῳ
474 2646 613 2703 εἶναι
633 2648 697 2703 τὰ
721 2650 1064 2720 ἐρωτώμενα.
1119 2651 1218 2706 ἐὰν
1245 2652 1348 2722 μὲν
1375 2651 1511 2722 γάρ,
1548 2644 1585 2723 ἦ
1616 2648 1669 2707 δ’
1691 2650 1769 2723 ὅς,
1805 2659 1840 2699 D

13 2776 26 2812 ,Ι
88 2726 162 2799 μή
191 2733 279 2797 φῶ
300 2727 441 2785 εἶναι
462 2730 736 2801 σώφρων,
770 2730 883 2802 ἅμα
913 2736 1016 2804 μὲν
1047 2732 1258 2791 ἄτοπον
1288 2733 1462 2791 αὐτὸν
1491 2731 1616 2791 καθ’
1639 2737 1770 2793 ἑαυ-

9 2813 38 3100 ι
88 2816 190 2866 τοῦ
211 2816 436 2867 τοιαῦτα
457 2819 662 2885 λέγειν,
694 2812 806 2886 ἅμα
828 2815 884 2871 δὲ
906 2818 995 2872 καὶ
1015 2822 1248 2887 Κριτίαν
1270 2818 1433 2875 τόνδε
1453 2823 1634 2890 ψευδῆ
1652 2821 1756 2875 ἑπι-
