1962 3112
60 76 131 169 ἰι
718 115 1094 165 rom-1212:
1652 109 1760 164 219

75 250 318 322 πόλεως,
353 247 496 306 ἀλλά
515 255 593 323 τῷ
614 246 904 305 ἀδικοῦντι
929 249 1025 304 καὶ
1053 246 1160 305 οὐκ
1189 245 1381 319 ὀρθῶς
1403 246 1669 322 χρωμένῳ
1687 253 1759 320 τῇ

67 334 364 403 ῥητθθῑκῇἱ
396 330 611 402 ἐρρήθη
630 335 802 386 ταῦΐα
818 326 855 400 ἦ
875 329 974 398 0ῧὸ

220 417 275 470 Γ
270 419 375 470 ΟΡ.
419 411 672 484 Ἐρρήθη.

217 500 343 551 ΣΩ.
379 501 512 551 Νῦν
532 497 596 549 δέ
609 516 671 564 γε
692 491 721 550 ὁ
742 491 912 558 αὐτὸς
930 487 1096 558 οὗτος
1114 500 1386 566 φαίνεται,
1399 492 1429 550 ὁ
1449 493 1758 566 ὀητορικός,
1789 502 1823 545 Β

70 575 181 633 οὐκ
201 575 274 631 ἄν
292 597 423 631 ποτε
445 574 726 646 ἀδικήσας.
763 573 801 645 ἦ
821 573 918 641 οῦ;

217 665 273 717 Γ
268 665 375 716 ΟΡ.
417 662 692 713 Φαίνεται.

219 747 347 798 ΣΩ.
382 741 493 796 Καὶ
511 742 573 795 ἐν
590 751 704 805 τοῖς
723 739 962 809 πρώτοις
981 761 1071 811 γε,
1104 762 1147 795 ω
1167 745 1403 811 Γοργία,
1434 739 1621 810 λόγοις
1639 741 1760 796 ἐλέ-

76 845 204 894 γετο
217 866 232 895 ,
271 822 357 879 ὅτι
374 819 409 894 ἡ
429 820 691 894 ῥητορικὴ
710 823 835 891 περὶ
865 821 1070 891 λόγους
1090 830 1173 893 εἴη
1193 820 1263 877 οὐ
1292 843 1425 886 τους
1441 827 1546 877 τοῦ
1562 820 1758 893 ἀρτίου

76 907 170 962 καὶ
187 910 473 975 περιττοῦ,
505 900 645 958 ἀλλά
664 901 795 968 τούς
812 910 914 958 τοῦ
938 907 1156 960 δικαίου
1179 905 1270 960 καὶ
1289 902 1514 960 ἀδίκου·
1550 896 1591 974 ἦ
1620 904 1758 974 γάρ;

218 992 376 1043 ῙὉΡ.
415 990 542 1042 Ναί.

222 1075 346 1125 ΣΩ.
383 1067 516 1138 Ἐγώ
547 1074 743 1125 τοίνυν
774 1087 880 1125 σου
908 1070 1031 1126 τότε
1064 1077 1238 1126 ταῦτα
1268 1071 1527 1140 λέγοντος
1549 1065 1759 1126 ὑπέλα-

73 1159 209 1225 βον,
230 1150 303 1218 ὦς
323 1148 571 1207 οὐδέποτ’
596 1149 668 1207 ἂν
689 1149 824 1223 εῐηὴ
857 1151 1119 1224 ῥητορικὴ
1146 1153 1344 1209 ἄδικον
1362 1158 1590 1223 πρᾶγμα
1604 1195 1619 1222 ,
1658 1151 1692 1208 ὅ
1710 1150 1756 1222 γ’

76 1230 163 1289 αἐὶ
201 1236 324 1303 περὶ
363 1233 722 1304 δικαιοσύνης
755 1232 888 1299 τούς
924 1235 1126 1305 λόγους
1156 1247 1390 1292 ποιεῖται
1404 1255 1416 1266 ·
1473 1231 1659 1306 ἐπειδὴ
1699 1234 1759 1290 δὲ

77 1314 270 1387 ὀλίγον
288 1314 527 1384 ὕστερον
545 1320 755 1386 ἔλεγες,
778 1313 864 1371 ὅτι
883 1313 913 1371 ὁ
935 1317 1119 1389 ῥήτωρ
1138 1324 1205 1391 τῇ
1224 1319 1487 1390 ῥητορικῇ
1506 1312 1617 1372 κᾶν
1635 1314 1761 1371 ἀδί-

74 1420 189 1463 κως
205 1404 384 1472 χρῷτο
399 1441 414 1469 ,
445 1395 592 1452 οὕτω
611 1397 909 1468 θαυμάσας
926 1401 1017 1454 καὶ
1036 1397 1383 1471 ἡγησάμενος
1402 1398 1470 1454 ού
1494 1398 1761 1471 συνᾴδειν
1788 1412 1865 1458 461

79 1479 144 1536 τά
164 1480 433 1551 λεγόμενα
452 1483 700 1545 ἐκείνους
719 1478 877 1535 εἷπον
894 1480 1025 1546 τοὺς
1039 1481 1260 1552 λόγους,
1277 1479 1362 1537 ὅτι
1379 1481 1546 1552 εἰμὲν
1565 1483 1760 1551 κέρδος

78 1562 235 1635 ἡγοῖο
256 1561 396 1618 εἶναι
415 1560 476 1617 τὸ
500 1564 821 1633 ἐλέγχεσθαι
844 1560 1028 1632 ὥσπερ
1048 1563 1181 1635 ἐγώ,
1213 1562 1368 1629 ἄξιον
1399 1571 1483 1633 εἴη
1510 1565 1761 1633 διαλέγε-

73 1653 243 1715 σθαι,
280 1649 331 1700 εί
359 1643 418 1699 δὲ
445 1643 549 1714 μή,
588 1645 688 1716 ἐᾷν
716 1649 951 1714 χαίρειν·
1002 1643 1243 1715 ὕστερον
1265 1643 1324 1701 δὲ
1351 1641 1513 1717 ἡμῶν
1530 1647 1759 1701 ἐπισκο-

80 1729 375 1797 πουμένων
404 1722 541 1797 ὁρᾷς
561 1723 627 1796 δὴ
649 1727 740 1781 καὶ
758 1722 925 1791 αὐτὸς
944 1724 1029 1782 ὅτι
1058 1720 1133 1782 αὖ
1162 1724 1513 1798 ὁμολογεῖται
1539 1724 1641 1782 τὸν
1658 1728 1760 1798 ρη-

77 1806 304 1876 τορικόν
324 1806 606 1863 ἀδύνατον
628 1807 769 1863 εἶναι
800 1805 1005 1874 ἀδίκως
1022 1815 1267 1880 χρῆσθαι
1295 1815 1362 1882 τῇ
1382 1811 1645 1883 ῥητορικῇ
1666 1810 1758 1865 καὶ

77 1892 295 1947 ἐθέλειν
314 1888 544 1946 ἀδικεῖν.
599 1896 773 1946 ταῦτα
792 1884 898 1946 οὖν
918 1889 1028 1964 ὅπῃ
1048 1891 1180 1947 ποτὲ
1200 1895 1332 1962 ἔχει,
1371 1890 1447 1962 μὰ
1468 1889 1570 1947 τὸν
1589 1891 1754 1963 κύνα,

77 1966 124 2029 ω’
141 1978 375 2043 Γοργία,
408 1970 511 2029 οὐκ
538 1970 724 2044 ὀλίγης
745 1978 1045 2038 συνουσίας
1072 1975 1223 2029 ἐστὶν
1244 1971 1383 2028 ὥστε
1414 1976 1620 2039 ἱκανῶς
1639 1977 1759 2030 δια·
1794 1990 1824 2030 Β

76 2058 405 2121 σκέψασθαι.

220 2141 358 2193 xvl.
429 2141 608 2192 ΠΩΛ.
662 2142 732 2193 Τί
746 2141 834 2208 δέ,
859 2131 904 2193 ὦ
924 2136 1249 2206 Σώκρατες;
1286 2136 1434 2193 οὕτω
1454 2139 1546 2193 καὶ
1565 2137 1638 2193 σὺ
1659 2157 1759 2192 πε-

77 2219 134 2286 ρὶ
152 2224 248 2289 τῆς
266 2219 558 2289 ῥητορικῆς
587 2219 824 2286 δοξάζεις
855 2218 1039 2289 ὥσπερ
1060 2225 1171 2274 νῦν
1199 2222 1400 2290 λέγεις;
1438 2214 1475 2290 ἦ
1504 2227 1635 2291 οἴει,
1674 2217 1759 2275 ὅτι

76 2305 314 2370 Γοργίας
334 2298 590 2373 ᾐσχύνθη
611 2318 700 2356 σοι
718 2300 794 2373 μὴ
824 2307 1316 2372 προσομολογῆσαι
1335 2298 1439 2356 τὸν
1457 2299 1757 2372 ῥητορικὸν

74 2379 256 2450 ἄνδρα
289 2380 363 2453 μὴ
395 2380 516 2452 οὐχὶ
547 2383 638 2438 καὶ
661 2381 726 2438 τά
760 2387 943 2439 δίκαια
973 2386 1175 2439 εἰδέναι
1207 2386 1299 2439 καὶ
1328 2381 1395 2439 τά
1418 2381 1559 2439 καλὰ
1578 2381 1755 2439 καὶτὰ

61 2460 266 2534 ,ἀγαθά
279 2507 295 2534 ,
335 2466 425 2519 καὶ
445 2462 543 2519 ἐὰν
561 2462 635 2534 μὴ
658 2469 795 2538 ἔλθῃ
815 2471 990 2520 ταῦτα
1021 2463 1181 2530 εἰδώς
1200 2463 1325 2535 παρ’
1347 2463 1551 2537 αὐτόν,
1590 2463 1758 2531 αὐτὸς

77 2546 348 2617 διδάξειν,
384 2550 567 2601 ἔπειτα
598 2549 659 2602 ἐκ
680 2547 883 2618 ταύτης
901 2555 1034 2614 ἴσως
1064 2554 1160 2621 τῆς
1188 2546 1484 2619 ὁμολογίας
1501 2550 1758 2605 ἐναντίον

28 2631 29 2635 ’
76 2647 130 2682 τι
146 2633 354 2700 συνέβη
375 2631 435 2684 ἐν
455 2640 568 2693 τοῖς
588 2629 802 2698 λόγοις,
824 2629 981 2686 τοῦθ’
1005 2629 1036 2686 ὃ
1059 2629 1124 2702 δὴ
1147 2629 1392 2704 ἀγαπᾷς,
1424 2628 1594 2696 αὐτὸς
1612 2628 1752 2702 ἀγα-
1784 2636 1814 2680 C

74 2705 194 2778 γών
212 2710 299 2766 ἐπὶ
318 2716 548 2766 τοιαῦτα
567 2712 889 2782 ἐρωτήματα
926 2746 988 2754 -
1018 2714 1133 2768 ἐπεὶ
1163 2718 1285 2769 τίνα
1306 2720 1408 2769 οἰει
1436 2711 1759 2784 ἀπαρνήσε-

76 2797 213 2845 σθαι
241 2788 314 2862 μὴ
336 2790 458 2863 οὐχὶ
488 2794 578 2849 καὶ
599 2792 775 2849 αὐτὸν
795 2797 1126 2849 ἐπίστασθαι
1155 2792 1220 2850 τά
1242 2799 1426 2851 δίκαια
1445 2796 1534 2851 καὶ
1554 2794 1761 2858 ἄλλους
