2020 3094
307 138 377 190 44
918 139 1390 190 ΠΛΑΤΩΝΟΣ

246 285 277 327 Β
309 295 483 343 καμεν
501 270 537 344 ἦ
556 280 852 345 ποιοῦμεν,
891 270 1004 327 ἀλλ’
1027 277 1102 336 είς
1122 271 1222 328 τὸν
1250 277 1432 328 ἔπειτα
1449 279 1576 346 βίον
1595 277 1972 346 προμηθέστε-
2000 266 2003 267 ⁷

310 377 411 423 ρον
431 353 643 426 ἀνάγκη
666 355 804 411 εἶναι
825 352 925 409 τόν
942 359 1114 409 ταῦτα
1134 352 1206 424 μὴ
1227 353 1533 426 φεύγοντα,
1575 354 1688 412 ἀλλ’
1710 359 1974 412 ἐθέλοντα

308 435 444 492 κατὰ
482 435 544 491 vd
582 443 686 492 τοῦ
703 436 966 499 Σόλωνος
1001 436 1091 489 καὶ
1126 433 1384 500 ἀξιοῦντα
1420 437 1734 506 μανθάνειν
1762 439 1974 507 ἕωσπερ

309 515 379 574 ἄν
402 523 486 590 ζῇ,
508 519 599 573 καὶ
623 515 696 588 μὴ
719 517 978 586 οἰόμενον
998 514 1132 571 αὐτὸ
1169 515 1229 571 τὸ
1253 523 1426 588 γῆρας
1446 524 1586 573 νοῦν
1607 523 1732 589 ἕχον
1752 522 1973 589 προσιέ-
2003 528 2007 536 ’

307 621 412 654 ναι.
469 599 588 669 ἐμοὶ
618 600 719 669 μὲν
748 591 854 652 οὖν
884 595 1048 652 οὐδὲν
1067 595 1239 667 ἄηθες
1268 596 1391 653 οὐδ’
1416 592 1490 653 αὖ
1520 596 1681 669 ἀηδὲς
1710 597 1820 655 ὑπὸ
1843 607 1974 655 Eco-
2001 500 2020 684 {¹

307 680 546 780 κράτους
564 682 973 751 βασανίζεσθαι,
994 675 1131 734 ἀλλὰ
1151 681 1243 735 καὶ
1261 680 1434 735 πάλαι
1457 679 1652 750 σχεδόν
1670 702 1721 735 τι
1738 678 1974 752 ἠπιστά-
2009 686 2013 687 ’

307 785 445 834 μην,
472 761 556 818 ότι
576 760 644 818 οὐ
663 763 786 833 περὶ
804 767 917 817 τῶν
940 767 1237 832 μειρακίων
1253 760 1386 833 ἡμῖν
1417 759 1444 816 ὁ
1467 761 1630 832 λόγος
1649 767 1825 818 ἔσοιτο
1845 769 1975 817 Σωὲ-

306 843 546 913 κράτους
575 844 874 915 παρόντος,
919 840 1058 898 ἄλλα
1089 844 1213 913 περὶ
1245 840 1402 914 ἡμῶν
1440 842 1641 899 αὐτων.
1698 842 1834 913 όπερ
1869 836 1974 898 οὖν
2011 864 2020 911 g

247 942 277 983 c
307 925 557 998 λέγω,τό
579 949 679 997 μεν
699 923 832 996 ἐμόν
852 922 1019 981 οὐδὲν
1037 924 1241 981 κωλύει
1260 924 1550 994 Σωκράτει
1553 928 2020 1024 συνδιατρίβεινέ

307 1007 457 1073 ὅπως
487 1001 649 1072 οὗτος
676 1006 959 1079 βούλεται·
1013 1004 1235 1076 Λάχητα
1266 1006 1326 1060 δε
1354 1004 1570 1060 τόνδε’”
1548 1005 1650 1075 όρα
1688 1004 1835 1070 ὅπως
1872 996 2020 1076 ἔχειὲ

307 1091 430 1158 περὶ
447 1096 550 1144 τοῦ
567 1088 838 1144 τοιούτου.
2007 1057 2020 1191 1

447 1178 580 1229 XIV.
652 1176 771 1227 AA.
818 1166 1058 1224 ‘Anzofiv
1075 1168 1139 1224 τό
1158 1165 1203 1238 γ’
1226 1167 1388 1240 ἐμόν,
1429 1191 1471 1224 ω
1492 1174 1687 1240 Νικία,
1724 1171 1849 1240 περὶ
1878 1169 1976 1226 λό-
2006 1192 2020 1211 ⁴

306 1276 424 1323 γων
443 1257 614 1309 ἐστίν·
654 1255 704 1307 εἰ
719 1249 778 1306 δὲ
796 1250 1014 1322 βούλει,
1036 1247 1136 1320 οὐχ
1156 1247 1397 1320 ἁπλοῦν,
1428 1249 1567 1306 ἀλλὰ
1588 1255 1837 1307 διπλοῦν.
1885 1253 1977 1308 καὶ

308 1334 417 1406 γὰρ
431 1331 504 1390 ἂν
524 1334 745 1404 δόξαιμί
752 1353 827 1406 τω
846 1330 1141 1403 φιλόλογος
1158 1330 1297 1387 εἶναι
1311 1334 1403 1388 καὶ
1420 1327 1495 1388 αὖ
1509 1332 1816 1404 μισόλογος.
1838 1331 1974 1390 ὅταν

307 1415 410 1487 μὲν
439 1414 545 1487 γὰρ
577 1413 765 1469 ἀκούω
787 1411 990 1482 ἀνδρὸς
1020 1414 1144 1484 περὶ
1173 1410 1367 1484 ἀρετῆς
1388 1410 1831 1486 διαλεγομένουῆ
1851 1419 1977 1486 περί
2018 1417 2020 1466 ἶ

306 1518 456 1561 τινος
477 1500 673 1566 σοφίας
692 1493 765 1560 ὥς
784 1492 1007 1565 ἀληθῶς
1037 1493 1195 1559 ὄντος
1214 1492 1420 1564 ἀνδρὸς
1449 1496 1540 1551 καὶ
1568 1494 1726 1561 ἀξίου
1748 1501 1860 1550 τῶν
1878 1495 1976 1552 λό-
2018 1543 2020 1569 3

244 1594 278 1634 D
309 1601 427 1650 γων
448 1571 528 1634 ὦν
546 1579 716 1648 λέγει,
738 1581 906 1647 χαίρω
926 1574 1242 1647 ὑπερφυῶς,
1263 1575 1544 1646 θεώμενος
1562 1575 1672 1646 ἅμα
1691 1576 1789 1632 τόν
1810 1599 1867 1632 τε
1886 1579 1977 1633 λέ-
2017 1583 2020 1627 3

307 1682 477 1732 γοντα
497 1657 671 1716 καὶτὰ
690 1658 959 1729 λεγόμενα
979 1657 1063 1714 ὅτι
1086 1659 1362 1726 πρέποντα
1384 1656 1640 1729 ἀλλήλοις
1658 1660 1749 1715 καὶ
1768 1657 1976 1731 ἁρμότ-
2017 1718 2020 1734 3

308 1743 475 1799 τοντά
511 1744 647 1798 ἐστι·
708 1742 799 1795 καὶ
835 1743 1034 1811 κομιδῇ
1068 1761 1160 1809 μοι
1197 1742 1354 1794 δοκεῖ
1381 1738 1649 1810 μουσικὸς
1678 1736 1707 1795 ὁ
1727 1745 1977 1805 τοιοῦτος
2018 1743 2020 1782 ἶ

310 1824 448 1881 εἶναι
463 1866 479 1895 ,
518 1821 791 1894 ἁρμονίαν
826 1827 1123 1891 καλλίστην
1158 1818 1502 1892 ἡρμοσμένος
1530 1818 1600 1876 οὐ
1637 1821 1817 1891 λύραν
1847 1820 1978 1878 οὐδὲ

309 1908 528 1968 παιδιᾶς
546 1902 755 1975 ὄργανα
770 1945 783 1971 ,
810 1900 950 1958 ἀλλὰ
969 1908 1048 1975 τῷ
1066 1901 1185 1957 ὅντι
1204 1906 1300 1973 ζῇν
1317 1899 1662 1972 ἡρμοσμένος
1681 1895 1791 1972 [οὗ]
1810 1899 1978 1967 αὐτὸς

311 1984 485 2041 αὑτοῦ
504 1982 606 2039 τὸν
622 1989 747 2056 βίον
767 1982 1073 2055 σύμφωνον
1092 1994 1202 2047 τοῖς
1223 1983 1407 2052 λόγοις
1424 1981 1528 2052 πρό
1536 2005 1563 2048 ς
1580 1981 1645 2038 τα
1669 1988 1799 2054 ἔργα
1813 2025 1827 2052 ,
1848 1981 1976 2038 ἀτε-

308 2073 452 2140 χνῶς
471 2068 692 2137 δωριστὶ
711 2063 824 2122 ἀλλ’
837 2064 939 2121 οὐκ
960 2070 1117 2133 ἰαστί,
1141 2072 1323 2135 οἴομαι
1343 2066 1402 2119 δὲ
1420 2061 1550 2120 οὐδὲ
1569 2064 1829 2136 φρυγιστὶ
1847 2062 1977 2119 οὐδὲ

309 2153 549 2218 λυδιστί,
587 2146 701 2204 ἀλλ’
721 2147 862 2219 ἤπερ
883 2147 1025 2219 μόνη
1050 2145 1335 2217 Ἑλληνική
1355 2147 1503 2201 ἐστιν
1521 2143 1769 2216 ἁρμονία.
1826 2143 1855 2201 ὃ
1876 2144 1976 2215 μὲν

310 2225 417 2286 οὖν
447 2236 696 2294 τοιοῦτος
724 2234 932 2299 χαίρειν
961 2249 1028 2299 με
1058 2239 1207 2283 ποιεῖ
1239 2226 1627 2298 φθεγγόμενος
1662 2227 1754 2283 καὶ
1795 2230 1979 2282 δοκεῖν

244 2325 276 2365 Ε
309 2309 525 2384 ὁτῳοῦν
548 2310 851 2381 φιλόλογον
879 2308 1045 2365 εἶναι·
1082 2308 1229 2365 οὕτω
1259 2309 1480 2380 σφόδρα
1499 2307 1832 2379 ἀποδέχομαι
1851 2303 1972 2375 παρ’

310 2389 484 2448 αὐτοῦ
505 2390 570 2447 τὰ
589 2391 859 2463 λεγόμενα
874 2413 885 2423 ·
915 2389 943 2447 ὁ
965 2390 1024 2447 δὲ
1043 2389 1307 2447 τάναντία
1325 2390 1528 2446 τούτου
1546 2389 1800 2459 πράττων
1822 2395 1984 2443 λυπεῖ

310 2494 404 2543 με,
447 2471 560 2545 ὅσῳ
589 2469 660 2528 ὅίν
684 2477 819 2545 δοκῇ
843 2473 1074 2543 ἄμεινον
1099 2473 1304 2542 λέγειν,
1342 2471 1586 2544 τοσούτω
1607 2474 1846 2541 μᾶλλον,
1888 2472 1979 2524 καὶ

310 2566 460 2611 ποιεῖ
474 2548 549 2610 αὖ
570 2558 755 2610 δοκεῖν
774 2554 914 2610 εἶναι
931 2553 1246 2626 μισόλογον
1299 2552 1636 2622 Σωκράτους
1666 2550 1719 2606 δ’
1739 2551 1844 2621 ἐγω
1864 2572 1976 2607 των

309 2637 410 2707 μὲν
429 2635 613 2707 λόγων
631 2634 735 2693 οὐκ
755 2637 1011 2707 ἔμπειρός
1031 2640 1166 2706 εἰμι,
1205 2633 1343 2691 ἀλλὰ
1373 2633 1673 2704 πρότερον,
1714 2654 1788 2698 ως
1812 2637 1974 2701 ἔοικε,

309 2723 421 2772 τῶν
443 2722 620 2788 ἔργων
641 2716 971 2788 ἐπειράθην,
1010 2718 1100 2772 καὶ
1128 2719 1244 2773 ε’κεῑ·
1266 2713 1438 2771 αὐτὸν
1468 2706 1636 2787 εὖρον
1666 2713 1862 2780 άξιον’
1842 2714 1977 2770 όντα

198 2810 278 2855 189
304 2798 489 2868 λόγων
524 2804 712 2854 καλῶν
749 2799 840 2853 καὶ
881 2798 1058 2869 πάσης
1098 2801 1415 2868 παρρησίας.
1470 2800 1518 2852 εἰ
1547 2799 1651 2851 οὐν
1686 2795 1776 2852 καὶ
1812 2801 1975 2850 τοῦτο
