1962 3112
1204 0 1207 9 ν
1255 0 1429 34 “rw-(³1:22⁹
1445 0 1517 18 *tv-v:
1558 0 1956 33 wzfflxwtcffinwssr-yzv

219 152 322 205 318
804 151 1306 217 „HAATszNOE
1808 160 1894 205 120

219 289 444 357 πρῶτον
462 289 590 356 μέν,
628 289 679 340 εἰ
692 284 884 356 βούλει
902 281 1108 353 ἀνδρὸς
1124 283 1356 356 ἀρετήν,
1393 285 1614 359 ῥᾴδιον,
1651 286 1734 342 ὅτι
1754 287 1891 359 αὕτη

219 369 369 423 ἐστὶν
388 364 593 438 ἀνδρὸς
613 365 796 435 ἀρετή,
816 364 1014 419 ἰκανὸν
1035 362 1174 419 εἶναι
1192 363 1259 420 τὰ
1277 372 1372 436 τῆς
1391 367 1600 432 πόλεως
1617 368 1891 440 πράττειν,

220 450 312 504 καὶ
331 449 642 517 πράττοντα
658 445 791 511 τοὺς
808 445 909 516 μὲν
929 451 1126 515 φίλους
1145 439 1211 500 εὖ
1229 458 1424 515 ποιεῖν,
1443 446 1573 512 τοὺς
1589 446 1634 502 δ’
1655 447 1895 518 ἐχθροὺς

221 536 431 599 κακῶς,
461 530 552 584 καὶ
573 526 746 583 αύτόν
765 525 1124 598 εὐλαβεῖσθαι
1141 529 1314 598 μηδὲν
1334 534 1589 583 τοιοῦτον
1607 537 1824 584 παθεῖν.
1848 535 1897 585 εἰ

222 611 272 665 δ“
297 611 491 682 βούλει
519 607 785 680 γυναικὸς
804 607 1035 679 ἀρετήν,
1067 608 1136 664 ού
1155 609 1397 679 χαλεπὸν
1416 614 1688 681 διελθεῖν,
1710 608 1795 666 ὅτι
1814 614 1897 665 δεῖ

222 690 400 762 αύῐὴν
426 689 528 761 τὴν
557 695 736 746 οἰκίαν
766 684 831 745 εὖ
858 695 1045 761 οἰκεῖν,
1085 691 1373 756 σῶζουσάν
1407 714 1465 747 τε
1501 690 1568 747 τοὶ
1607 696 1770 748 ἔνδον
1805 693 1895 746 καὶ

219 772 498 844 κατήκοον
518 766 696 827 οὖσαν
714 779 817 827 τοῦ
835 770 1054 841 ἀνδρός.
1094 774 1185 828 καὶ
1205 771 1342 842 ἄλλη
1367 776 1478 829 ἐστὶ
1497 773 1690 838 παιδὸς
1710 772 1894 843 ἀρετή,

219 857 312 911 καὶ
329 859 558 925 θηλείας
578 857 669 910 καὶ
692 853 950 925 ἄρρενος,
970 856 1061 909 καὶ
1079 856 1456 925 πρεσβυτέρου
1476 853 1705 924 ἀνδρός,
1730 859 1779 909 εἰ
1796 854 1896 923 μὲν

134 947 190 993 72
222 936 441 1008 βούλει,
463 938 790 1004 ἐλευθέρου,
824 936 948 990 εἰδὲ
966 935 1184 1005 βούλει,
1218 933 1439 990 δούλου.
1461 939 1551 990 καὶ
1570 934 1727 990 ἄλλαι
1748 934 1897 1004 πάμ-

223 1025 421 1073 πολλαι
440 1017 632 1087 ἀρεταί
648 1021 787 1070 εἰσιν
800 1057 813 1082 ,
853 1014 993 1070 ὥστε
1023 1014 1126 1070 οὐκ
1147 1014 1350 1087 ἀπορία
1370 1021 1542 1072 εἰπεῖν
1561 1015 1754 1087 ἀρετῆς
1773 1019 1897 1083 πέρι

222 1099 255 1154 ὅ
273 1122 325 1154 τι
343 1103 454 1153 ἔστι
468 1119 479 1129 ·
501 1095 638 1153 καθ’
660 1097 894 1167 ἑκάστην
908 1096 1014 1167 γάρ
1030 1103 1143 1152 τῶν
1158 1097 1410 1164 πράξεων
1428 1099 1518 1151 καὶ
1537 1103 1649 1151 τῶν
1666 1095 1897 1166 ἡλικιῶν

221 1178 359 1250 πρὸς
387 1180 622 1234 ἕκαστον
652 1182 816 1247 ἔργον
845 1178 1053 1251 ἑκάστω
1084 1177 1294 1249 ἡμῶνὴ
1317 1177 1482 1250 ἀρετή
1502 1181 1674 1232 ἐστιν·
1710 1174 1896 1231 ῶσαύ-

222 1283 329 1325 τως
352 1263 439 1329 δέ,
461 1259 635 1331 οἶμαι,
659 1253 704 1314 ῶ
722 1258 1040 1330 Σώκρατες,
1061 1258 1202 1329 καὶὴ
1225 1264 1403 1314 κακία.

363 1347 488 1396 ΣΩ.
540 1345 734 1411 Πολλῇ
750 1342 818 1409 γέ
830 1362 938 1394 τινι
958 1339 1179 1412 εὐτυχίᾳ
1200 1345 1350 1395 ἔοικα
1367 1348 1687 1412 κεχρῆσθαι,
1708 1334 1754 1394 ῶ
1771 1342 1897 1395 Μέ-

222 1445 367 1493 νων,
399 1427 450 1477 εἰ
477 1426 608 1491 μίαν
639 1426 812 1491 ζητῶν
841 1419 1042 1491 ἀρετὴν
1073 1421 1280 1491 σμῆνός
1311 1443 1363 1476 τι
1382 1420 1663 1493 ἀνεύρηκα
1684 1420 1897 1491 ἀρετῶν

221 1502 370 1573 παρὰ
402 1506 488 1558 σοὶ
517 1507 801 1573 κειμένων.
840 1499 1004 1572 ἀτάρ,
1048 1497 1092 1556 ῶ
1123 1505 1359 1572 Μένων,
1398 1502 1535 1558 κατὰ
1564 1503 1773 1573 ταύτην
1791 1501 1895 1572 τὴν

162 1599 194 1639 Β
225 1583 412 1640 εἰκόνα
431 1583 534 1655 τὴν
555 1581 762 1651 περὶτὰ
785 1583 963 1653 σμήνη
978 1625 992 1651 ,
1025 1591 1079 1638 εἴ
1101 1605 1210 1654 μου
1229 1586 1493 1655 ἐρομένου
1512 1588 1757 1654 μελίττης
1773 1584 1896 1651 περὶ

221 1665 412 1731 οὐσίας
431 1664 464 1720 ὅ
482 1669 539 1719 τί
552 1662 675 1718 ποτ’
697 1668 833 1733 ἔστι,
871 1661 1078 1727 πολλὰς
1106 1667 1196 1720 καὶ
1224 1664 1576 1729 παντοδαπὰς
1594 1669 1771 1734 ἔλεγες
1791 1663 1896 1718 αὐ-

221 1747 318 1811 τὰς
338 1746 502 1816 εἶναι,
539 1753 593 1801 τί
609 1742 680 1800 ἂν
700 1743 977 1815 ἀπεκρίνω
998 1766 1116 1813 μοι,
1154 1753 1209 1800 εἴ
1231 1763 1292 1799 σε
1309 1743 1549 1817 ἠρόμην·
1590 1739 1698 1813 ἆρα
1718 1746 1894 1817 τούτῳ

223 1828 332 1900 φῂς
350 1826 559 1890 πολλὰς
576 1830 667 1881 καὶ
686 1828 1038 1890 παντοδαπὰς
1058 1826 1195 1882 εἶναι
1215 1829 1305 1883 καὶ
1334 1829 1705 1898 διαφερούσας
1726 1826 1897 1898 ἀλλή-

221 1915 353 1979 λων,
374 1915 451 1982 τῶ
469 1911 716 1978 μελίττας
747 1906 912 1974 εἷναι;
948 1903 986 1976 ἦ
1004 1909 1181 1981 τούτῳ
1203 1911 1303 1978 μὲν
1333 1906 1498 1964 οὐδὲν
1518 1912 1895 1979 διαφέρουσιν,

222 1989 370 2062 ἄλλω
392 1992 455 2044 δέ
482 2011 558 2061 τω
571 2030 586 2057 ,
631 1984 801 2059 οἶονῆ
820 1988 1007 2043 κάλλει
1024 1985 1061 2059 ἦ
1082 1993 1303 2059 μεγέθει
1329 1989 1366 2059 ἢ
1385 1988 1535 2064 ἄλλῳ·
1557 2011 1631 2062 τω
1651 1996 1764 2044 τῶν
1782 2010 1895 2044 τοι-

222 2072 436 2137 ούτων;
476 2074 608 2142 εἰπέ,
629 2076 685 2125 τί
701 2067 772 2125 ὄίν
791 2069 1067 2141 ἀπεκρίνω
1091 2069 1268 2136 οὕτως
1287 2073 1609 2141 ἐρωτηθείς;

363 2159 550 2208 ΜΕΝ.
615 2151 782 2207 Τοῦτ’
803 2156 999 2222 ἔγωγε,
1040 2150 1123 2207 ὅτι
1142 2151 1307 2208 οὐδὲν
1328 2156 1719 2223 διαφέρουσιν,
1740 2144 1780 2224 ᾖ
1797 2156 1895 2221 μέ-

223 2241 397 2290 λιτται
415 2238 581 2303 εἰσίν,
602 2233 635 2304 ἡ
658 2237 810 2303 ἑτέρα
829 2240 925 2304 τῆς
947 2234 1143 2304 ἑτέρας.

162 2323 194 2367 (3
367 2321 492 2370 ΣΩ.
547 2320 621 2370 Εἰ
651 2309 756 2370 οὖν
786 2313 942 2370 εἷπον
977 2315 1110 2386 μετὰ
1140 2322 1334 2371 ταῦτα·
1373 2323 1536 2371 τοῦτο
1575 2322 1767 2372 τοίνυν
1801 2337 1894 2385 μοι

222 2397 356 2453 αὐτὸ
380 2400 521 2468 εἰπέ,
562 2390 608 2451 ῶ
626 2399 864 2466 Μένων,
903 2390 952 2451 ῶ
970 2397 1135 2452 οὐδὲν
1156 2401 1514 2468 διαφέρουσιν
1533 2395 1671 2452 ἄλλα
1689 2394 1895 2451 ταύτόν

222 2485 361 2535 εἰσιν
391 2478 624 2534 ἅπασαι·
662 2485 719 2534 τί
740 2487 904 2534 τοῦτο
934 2478 1045 2551 φῂς
1072 2478 1232 2544 εἷναι;
1268 2479 1402 2550 εἶχες
1430 2478 1611 2549 δήπου
1639 2476 1710 2532 ἄν
1730 2481 1788 2531 τί
1799 2496 1892 2545 μοι

220 2566 421 2626 εἰπεῖν;

360 2648 547 2697 ΜΕΝ.
591 2643 810 2712 Ἔγωγε.

359 2729 445 2780 IV.
512 2728 637 2778 ΣΩ.
698 2722 862 2778 Οὕτω
894 2722 960 2794 δὴ
993 2726 1083 2780 καὶ
1110 2726 1234 2793 περὶ
1273 2729 1387 2778 τῶν
1424 2720 1658 2791 ἀρετῶν·
1697 2716 1805 2776 κᾶν
1843 2724 1892 2774 εἰ

220 2805 420 2862 πολλαὶ
446 2806 537 2861 καὶ
560 2809 911 2861 παντοδαπαί
936 2810 1090 2875 εἰσιν,
1112 2807 1173 2861 ἕν
1199 2809 1263 2876 γε’
1288 2826 1339 2859 τι
1359 2802 1501 2868 εἶδος
1518 2799 1724 2858 ταύτὸν
1742 2799 1887 2858 ἅπα-
