1994 3100
159 135 228 183 22
371 171 375 173 -
774 131 1245 180 ΠΛΑΤΩΝΟΣ

162 271 520 365 ἀμφισβητῶ,
553 262 625 330 ὡς
656 262 754 334 οὐχ
774 263 909 320 ὅταν
929 263 988 320 τό
1012 262 1147 345 αὑτᾷ
1168 266 1482 335 γιγνωσκόν
1500 289 1580 331 τις
1597 269 1716 339 ἔχῃ,
1740 264 1838 320 αὖ

165 347 260 415 τὸς
289 348 463 404 αὑτὸν
492 348 789 452 γνώσεται,
831 344 953 402 ἀλλ’
987 339 1164 417 ἔχοντι
1184 352 1347 402 τοῦτο
1366 353 1445 412 τίς
1465 345 1679 420 ἀνάγκη
1703 351 1842 404 εἰδέ-

53 447 137 492 170
164 454 257 488 ναι
275 429 311 486 ἅ
335 452 394 486 τε
414 429 526 485 οἶδε
546 431 636 485 καὶ
667 427 702 484 ἁ
720 428 791 500 μὴ
816 429 993 495 οἷδεν;
1029 427 1172 499 Ότι,
1215 432 1256 484 ώ
1277 429 1596 502 Σώκρατες,
1635 429 1841 486 ταύτόν

100 1025 133 1065 Β

165 517 279 570 ἐστι
297 520 459 568 τοῦτο
481 514 684 586 ἐκείνῳ.
741 510 926 582 Ἴσως,
960 516 1133 583 ἔφην,
1151 510 1272 568 ἀλλ’
1297 511 1401 583 ἐγώ
1425 513 1737 568 κινδυνεύω
1759 511 1840 568 ἀεὶ

164 595 353 667 ὅμοιος
370 592 625 651 εἶναι·οὐ
645 593 750 675 γάρ
771 597 843 650 αὐ
863 595 1137 665 μανθάνω
1171 593 1242 660 ὡς
1260 599 1372 650 ἔστι
1396 595 1456 650 τὸ
1480 592 1614 651 αὐτὸ
1636 593 1670 650 ἁ
1663 594 1842 650 οἶδεν

166 679 367 734 εἰδέναι
398 679 487 734 καὶ
526 677 561 732 ά
601 701 681 743 τις
719 676 792 749 μὴ
832 677 980 734 οἶδεν
1020 682 1236 734 εἰδέναι.
1308 685 1437 743 Πῶς
1474 680 1672 748 λέγεις,
1709 682 1839 779 ἔφης

156 755 314 831 Ὧδε,
361 755 434 832 ἧν
481 759 534 816 δ’
578 761 702 831 ἐγώ.
753 762 1016 832 ἐπιστήμη
1064 783 1174 816 που
1222 761 1516 832 ἐπιστήμης
1555 755 1695 816 οὖσα
1734 764 1841 864 ἄρα

164 843 358 899 πλεῖόν
385 866 436 898 τι
468 847 556 899 οια
585 841 635 898 τ’
676 848 824 899 ἔσται
855 849 1111 915 διαιρεῖν,
1150 839 1186 915 ἢ
1213 842 1297 899 ὅτι
1326 843 1539 898 τούτων
1578 843 1703 898 τόδε
1740 844 1841 914 μὲν

164 926 459 997 ἐπιστήμη,
509 923 569 981 τὸ
614 923 665 980 δ’
706 923 809 982 οὐκ
846 928 1140 999 ἐπιστήμη;
1192 925 1339 997 Οὔκ,
1379 923 1516 982 ἄλλα
1554 933 1838 981 τοσοῦτον.

170 1007 386 1064 Ταύτόν
407 1002 511 1064 οὖν
530 1009 678 1064 ἐστὶν
697 1010 958 1082 ἐπιστήμη
979 1033 1038 1066 τε
1059 1011 1150 1066 καὶ
1170 1006 1648 1079 ἀνεπιστημοσύνη
1668 1004 1841 1078 ὑγιει-

162 1099 296 1163 νοῦ,
335 1092 426 1147 καὶ
447 1092 710 1163 ἐπιστήμη
742 1115 798 1147 τε
828 1095 919 1149 καὶ
937 1091 1419 1163 άνεπιστημοσύνη
1443 1095 1685 1155 δικαίους
1725 1089 1840 1146 Οὐ-

168 1177 369 1244 δαμως.
441 1171 599 1229 Ἄλλοι
620 1173 680 1229 τὸ
701 1177 829 1245 μέν,
853 1174 1029 1246 οἶμαι,
1051 1173 1295 1245 ἰατρική,
1326 1172 1386 1230 τὸ
1410 1175 1468 1229 δὲ
1488 1174 1755 1244 πολιτική,
1776 1171 1851 1228 τὰ

167 1256 226 1311 δὲ
257 1253 424 1311 ούδεν
455 1254 592 1312 ἄλλο
629 1253 665 1328 ἦ
701 1259 983 1357 ἐπιστήμη.
1054 1265 1183 1324 Πως
1211 1257 1316 1362 γάρ
1350 1255 1447 1324 ού;
1489 1255 1714 1313 Οὐκοῦν
1745 1255 1842 1312 ἐὰν

165 1338 238 1411 μὴ
277 1346 706 1412 προσεπιστηταί
738 1365 817 1406 τις
847 1340 908 1397 τὸ
942 1340 1188 1412 ὑγιεινὸν
1218 1343 1308 1396 καὶ
1338 1339 1398 1396 τὸ
1430 1343 1674 1410 δίκαιον,
1716 1337 1838 1395 ἀλλ’

168 1423 473 1495 ἐπιστήμην
499 1423 676 1494 μόνον
705 1423 988 1497 γιγνώσκῃ
1011 1423 1105 1479 άτε
1134 1424 1338 1480 τούτου
1362 1422 1539 1493 μόνον
1566 1427 1704 1493 ἔχων
1722 1423 1841 1477 ἐπι-

168 1505 406 1577 στήμην,
431 1505 516 1561 ὅτι
536 1508 638 1576 μέν
658 1530 709 1561 τι
738 1511 1017 1562 ἐπίσταται
1037 1508 1128 1562 καὶ
1148 1506 1232 1562 ὅτι
1250 1505 1554 1577 ἐπιστήμην
1572 1502 1695 1559 τινα
1717 1507 1840 1574 ἔχει,

166 1587 388 1652 εἰκότως
426 1584 497 1643 ἂν
526 1588 825 1659 γιγνώσκοι
853 1590 945 1645 καὶ
977 1591 1101 1659 περὶ
1130 1586 1304 1644 αὑτοῦ
1334 1590 1425 1644 καὶ
1455 1589 1578 1659 περὶ
1606 1593 1720 1643 τῶν
1740 1584 1840 1641 ἄλ·-

166 1677 280 1725 λων
297 1691 307 1700 ·
328 1663 516 1741 ἦγάρ;
553 1675 681 1726 Ναί.
733 1669 797 1727 Ὅ
816 1695 867 1727 τι
888 1673 945 1728 δὲ
968 1670 1279 1742 γιγνώσκει,
1300 1672 1472 1743 ταύτῃ
1491 1677 1557 1743 τῇ
1577 1669 1840 1741 ἐπιστήμῃ

165 1759 279 1817 πῶς
300 1761 524 1818 εἴσεται;
544 1753 838 1823 γιγνώσκει
857 1755 963 1824 γὰρ
986 1753 1051 1825 δὴ
1073 1752 1133 1809 τὸ
1155 1754 1257 1824 μὲν
1273 1751 1522 1823 ὑγιεινὸν
1537 1758 1602 1824 τῇ
1623 1757 1839 1822 ἰατρικῇ

165 1832 286 1890 ἀλλ’
315 1832 382 1890 οὐ
414 1836 782 1907 σωφροσύνῃ,
816 1834 877 1890 τὸ
909 1834 961 1890 δ’
995 1833 1300 1908 ἁρμονικὸν
1331 1841 1568 1906 μουσικῇ
1607 1831 1729 1889 ἀλλ’
1770 1831 1838 1888 οὐ

165 1918 534 1991 σωφροσύνῃ,
571 1919 631 1975 τὸ
668 1917 719 1974 δ’
754 1917 1109 2017 οἰκοδομικὸν
1141 1921 1462 1988 οἰκοδομικῇ
1485 1913 1607 1971 ἀλλ’
1640 1913 1707 1969 οὐ
1727 1933 1838 1969 σω-

166 2001 450 2102 φροσύνῃ,
488 2005 577 2057 καὶ
615 2001 762 2057 οὕτω
799 2002 1002 2057 πάντα·
1039 1997 1074 2072 ἢ
1109 2000 1205 2067 οὕς
1246 2005 1520 2055 Φαίνεται.
1593 2005 1838 2067 Σωφρο-

165 2085 309 2157 σύνῃ
341 2087 428 2153 δέ,
467 2093 618 2155 εἰπερ
649 2085 828 2155 μόνον
859 2085 1007 2140 ἐστὶν
1043 2085 1354 2183 ἐπιστήμων
1389 2081 1682 2152 ἐπιστήμη,
1722 2101 1836 2144 πως

165 2175 365 2223 εἰσεται
395 2165 480 2222 ὅτι
508 2163 568 2222 τὸ
600 2164 849 2238 ὑγιεινὸν
881 2166 1177 2264 γιγνώσκει
1204 2161 1241 2236 ἢ
1271 2163 1355 2219 ὅτι
1373 2162 1433 2219 τό
1454 2163 1836 2233 οἰκοδομικόν;

167 2247 453 2320 Οὐδαμως.
524 2247 687 2305 Ούκ’
662 2249 770 2320 άρα
791 2257 991 2304 εἴσεται
1011 2246 1038 2304 ὸ
1032 2244 1255 2305 οἷδεν“
1229 2270 1257 2303 ο
1278 2252 1441 2302 τοῦτο
1461 2244 1697 2315 άγνοων,
1721 2242 1834 2299 ἀλλ’

164 2331 247 2385 ὅτι
266 2329 378 2385 οἶδε
398 2331 590 2401 μόνον.
647 2331 882 2388 ”.Εοικεν

302 2419 479 2469 XVIII.
554 2412 673 2469 Οὐκ
705 2415 813 2483 ἄρα
843 2424 1156 2486 σωφρονεῖν
1184 2409 1338 2467 τοῦτ’
1375 2433 1447 2465 αν
1475 2418 1555 2480 εἴη
1577 2407 1706 2466 οὐδὲ
1728 2427 1838 2464 σω·-

165 2495 423 2566 φροσύνη
437 2537 451 2564 ,
498 2496 743 2551 εἰδέναι
720 2496 755 2551 ά
775 2520 832 2552 τε
854 2496 966 2553 οἶδε
985 2499 1072 2552 καὶ
1095 2493 1131 2551 ὁὶ
1149 2493 1222 2567 μὴ
1245 2494 1419 2563 οἶδεν,
1453 2489 1594 2563 ἀλλ’,
1635 2489 1707 2556 ὡς
1727 2497 1837 2547 ἔοι-

164 2600 280 2648 κεν,
303 2576 388 2632 ὅτι
408 2577 520 2633 οἶδε
540 2579 630 2634 καὶ
649 2577 732 2633 ὅτι
754 2577 856 2633 οὐκ
877 2578 990 2634 οἶδε
1011 2579 1206 2650 μόνον.
1274 2575 1622 2631 Κινδυνεύει.
1687 2573 1835 2631 Οὐδὲ

164 2657 335 2714 ἄλλον
365 2658 471 2729 ἄρα
500 2654 615 2723 οἷός
639 2680 696 2714 τε
725 2664 874 2714 ἔσται
895 2652 1059 2727 οὗτος
1079 2659 1320 2727 ἐξετάσαι
1340 2657 1625 2730 φάσκοντα
1645 2680 1695 2713 τι
1716 2661 1835 2714 ἐπί-

166 2749 430 2811 στασθαι,
471 2740 707 2809 πότερον
738 2743 1017 2797 ἐπίσταται
1047 2742 1080 2798 ὅ
1109 2760 1279 2814 φησιν
1309 2745 1634 2798 ἐπίστασθαι
1662 2737 1699 2812 ἦ
1730 2739 1833 2795 οὐκ

162 2827 467 2878 ἐπίσταται·
490 2821 629 2878 ἀλλὰ
650 2831 878 2879 τοσοῦτο
896 2825 1099 2895 μόνον,
1133 2822 1204 2889 ὡς
1223 2829 1391 2894 ἔοικε,
1422 2823 1718 2895 γνώσεται,
1753 2821 1835 2878 ὅτι
