1994 3100
145 120 222 154 vui
382 163 396 166 m
848 115 1233 159 PRAEFATIO.

148 231 430 282 importunam
462 231 668 298 syllabam
691 240 865 281 prorsus
892 229 1146 294 abjicerem,
1176 229 1310 270 lenior
1335 229 1546 271 medicina
1574 231 1617 271 in
1639 238 1808 284 promtu
1838 231 1932 276 fuit.

149 310 207 318 —-
235 286 281 330 Ρ
315 284 402 328 214
431 288 464 327 Ε
497 282 696 338 ω’φελεία
732 285 861 335 VBS,
894 279 1070 350 ω’φελία
1106 286 1176 326 hic
1207 293 1248 325 et
1279 286 1458 327 inferius
1496 288 1530 328 T
1571 301 1668 328 cum
1701 287 1756 338 0;
1792 288 1845 332 cf.
1881 290 1931 330 ad
1987 299 1992 302 ⁴

151 342 318 387 Charm.
346 357 389 398 p.
419 343 503 387 165
537 344 580 386 C.
604 367 657 374 -
681 343 727 384 P.
761 340 847 384 216
869 346 907 382 Α
930 336 1179 383 α’λλόκοτον
1206 344 1242 382 Η
1270 356 1323 384 ex
1347 343 1504 386 Baiteri
1527 346 1704 410 conject.
1732 354 1772 386 et
1796 345 1932 387 Oxon.

151 401 413 468 aliorumque
448 402 663 456 vestigiis,
697 400 771 442 ubi
807 407 868 440 est
907 393 1195 441 α’λλοκότωνε
1227 399 1368 442 VBST
1398 393 1682 454 ἀλλοκότους,
1723 404 1933 469 iidemque

152 470 252 498 mox
290 452 441 515 ἔχθρᾳ
479 458 634 510 φιλία,
677 457 747 497 ubi
787 456 982 508 equidem
1022 458 1154 499 Oxou.
1191 463 1362 498 secutus
1402 452 1552 511 ἔχθρα
1592 457 1726 516 φιλίᾳ
1766 460 1932 513 scripsi.

153 498 451 568 Oppositorum
483 518 689 556 rationem
720 515 834 567 apud
876 514 1059 556 Graecos
1098 516 1212 557 haud
1248 528 1343 556 raro
1385 523 1528 556 contra
1560 529 1685 568 quam
1719 519 1838 558 nobis
1870 518 1932 557 vi-

153 573 300 612 deatur
331 574 552 614 informari
586 573 708 613 docet
740 573 865 612 etiam
897 585 939 626 p.
970 571 1056 614 218
1086 575 1148 622 A,
1185 573 1256 613 ubi
1296 571 1454 615 frustra
1492 574 1756 614 Heindorfius
1794 571 1934 641 φίλον

153 622 204 668 δε
240 622 407 685 ἀγαθῷ
443 622 590 669 κακὸν
621 642 700 683 pro
731 621 916 681 α’γαθὸν
953 643 1077 686 κακῳ
1113 631 1290 671 rescribi
1326 630 1472 671 voluit.
1514 651 1571 659 —··
1607 632 1654 671 Ρ
1688 628 1772 673 216
1803 630 1834 671 C
1869 625 1934 670 ἔτι

151 683 323 737 μᾶλλον
355 694 450 727 ante
481 680 602 752 ἡμᾷς
632 699 726 727 cum
756 685 787 727 Ο
824 689 1031 740 expunxi3
1070 700 1114 741 p.
1151 685 1236 728 219
1274 687 1306 726 B
1343 695 1482 728 autern
1514 700 1595 728 non
1627 688 1766 728 solum
1796 681 1934 740 πρός-

153 753 331 796 σχωμεν
368 757 444 810 pro
477 738 752 798 πρόσχωμεν
777 750 822 784 ut
849 745 1065 785 Theaetet.
1106 759 1140 785 c.
1175 743 1232 787 36
1263 751 1303 784 et
1332 745 1497 785 Politic.
1527 758 1564 785 c.
1595 744 1651 786 44
1688 746 1826 795 edidi,
1860 745 1935 785 sed

153 803 276 842 etiam
308 801 391 841 τοῦ
425 800 566 853 φίλου
603 815 656 843 ex
683 802 794 854 conj.
828 802 1083 855 interposui,
1113 803 1227 854 quod
1258 808 1301 840 ut
1333 803 1375 842 in
1405 802 1605 842 similium
1636 803 1935 844 vocabulorum

151 859 431 900 cumulatione
464 859 589 900 facile
621 859 814 900 excidere
848 866 1033 911 poterat,
1063 860 1121 898 ita
1155 859 1210 899 ad
1241 861 1472 900 sententiae
1511 860 1832 900 concinnitatem
1861 873 1934 900 ne-

151 917 381 957 cessarium
422 924 501 958 est.
569 917 868 957 Desideramus
907 918 1043 966 enim,
1093 917 1206 968 quod
1253 917 1505 970 respondeat
1544 917 1806 957 antecedenti
1853 915 1935 956 τοῦ

149 965 336 1026 ἀγαθοῦ
366 972 505 1027 φίλον
534 965 681 1023 ἔστιν,
709 986 842 1025 neque
870 975 914 1014 id
947 974 1178 1015 desiderari
1200 973 1417 1015 Platonem
1447 975 1657 1020 voluisse,
1687 975 1838 1015 docent
1868 987 1934 1014 se-

151 1032 347 1083 quentia,
377 1033 530 1084 quibus
562 1032 708 1073 eadem
741 1032 947 1071 sententia
977 1033 1020 1072 in
1050 1032 1220 1072 brevius
1251 1032 1479 1084 redigitur.
1514 1023 1584 1072 ὅτι
1616 1025 1699 1083 μὲν
1734 1026 1820 1086 γὰρ
1859 1029 1935 1084 φί-

150 1089 232 1128 λον
258 1086 340 1129 τοῦ
365 1087 506 1141 φίλου
528 1082 578 1130 τὸ
603 1086 766 1141 ‹pli-ov.-
794 1089 907 1140 quod
932 1089 1060 1148 igitur
1077 1090 1167 1142 jam
1187 1088 1594 1130 Schieiermacherus
1622 1092 1934 1158 interpretando

151 1147 471 1199 exprimendum
505 1159 596 1188 esse
635 1146 862 1196 intellexit,
904 1159 987 1186 non
1022 1159 1167 1187 vereor
1206 1159 1258 1186 ne
1295 1147 1495 1187 audacior
1533 1147 1703 1196 videar,
1744 1149 1817 1199 qui
1855 1149 1935 1200 ipsi

150 1205 347 1258 scriptori
379 1204 650 1245 reddiderim.
680 1225 735 1232 -
768 1204 871 1243 Item
901 1216 945 1256 p.
976 1202 1063 1245 220
1091 1203 1124 1243 Β
1158 1194 1312 1256 ἑτέρου
1346 1215 1422 1256 pro
1454 1196 1589 1260 ἑτέρῳ
1620 1204 1687 1245 vel
1717 1212 1860 1246 contra
1888 1206 1935 1245 li
1940 1211 1954 1218 “’
1991 1230 1994 1232 -

150 1261 250 1302 bros
282 1262 409 1302 scribi
440 1262 658 1312 sequentia
686 1263 940 1314 coegerunt,
980 1262 1053 1303 ubi
1091 1260 1216 1301 claris
1250 1261 1388 1302 verbis
1418 1262 1599 1315 legimus
1625 1251 1656 1302 ἃ
1686 1256 1822 1302 ἕνεκα
1847 1254 1935 1303 ἑτέ-

153 1330 237 1372 ρου
267 1316 408 1370 φίλου
446 1317 562 1385 φίλα
587 1313 764 1371 ἔφαμεν
791 1311 942 1358 elwa.-
978 1331 1053 1359 nec
1085 1311 1258 1384 ρήματι
1291 1319 1546 1387 adjectivum
1574 1320 1770 1383 requirit,
1800 1322 1936 1387 cujus

149 1375 255 1416 haec
288 1377 431 1429 potius
465 1378 530 1417 vis
563 1383 650 1424 est,
690 1387 796 1443 quae
822 1375 978 1416 Phaed.
1019 1390 1052 1417 c.
1084 1375 1162 1416 5οε
1203 1369 1286 1429 οὐχ
1321 1389 1382 1421 ως
1415 1388 1515 1422 τοις
1551 1369 1724 1430 ῥήμασι
1761 1372 1934 1429 λέγεται

150 1425 270 1474 οὕτω
300 1429 380 1473 καὶ
413 1427 465 1473 τὸ
494 1426 670 1485 ἀληθὲς
705 1428 852 1500 ἔχειν,
878 1439 924 1473 ut
950 1434 1206 1500 impropiius
1232 1434 1426 1475 vocabuli
1457 1446 1558 1474 usus
1586 1435 1644 1475 rei
1666 1436 1832 1476 veritati
1862 1449 1936 1488 op-

149 1498 347 1544 ponatur.
375 1512 434 1522 —
462 1493 508 1532 Ρ.
538 1490 624 1534 222
649 1492 680 1531 Β
711 1484 962 1530 α’πολιπεῑν
987 1490 1034 1543 Ο,
1066 1488 1319 1545 αποβαλεῖν
1343 1491 1496 1540 VEST,
1526 1492 1724 1545 ambigua
1752 1494 1934 1546 optione,

150 1550 233 1589 nisi
265 1549 377 1599 quod
406 1548 580 1602 vulgata
606 1550 783 1613 propius
813 1548 867 1587 ad
898 1549 1254 1612 interpretationis
1275 1550 1458 1602 speciem
1487 1549 1663 1593 accedit.

266 1605 449 1658 Euthyd.
476 1619 520 1659 p.
547 1603 630 1647 271
652 1606 690 1645 Α
719 1598 918 1657 πότερον
951 1606 986 1644 Η
1015 1618 1091 1659 pro
1122 1597 1370 1657 ὁπότερονε
1398 1606 1453 1646 cf.
1483 1607 1538 1646 ad
1564 1606 1751 1659 Sophist.
1779 1619 1823 1658 Ρ.
1849 1603 1936 1648 236

150 1662 199 1705 Β.
223 1685 278 1692 -
299 1663 346 1703 Ρ.
371 1660 456 1705 271
478 1663 511 1703 Β
541 1657 715 1715 μετέχει
744 1662 816 1702 VB
847 1675 942 1703 cum
967 1663 1099 1712 libris,
1131 1664 1307 1716 μετεῖχε
1334 1661 1396 1704 ST
1420 1676 1472 1704 ex
1501 1664 1648 1704 Heind.
1680 1664 1933 1716 conjectura,

152 1733 278 1771 quam
306 1721 586 1761 necessariam
624 1733 706 1760 non
736 1731 829 1759 esse
860 1721 985 1760 etiam
1015 1721 1268 1764 Winckelm.
1297 1721 1422 1768 vidit;
1456 1733 1695 1773 quanquam
1725 1733 1807 1760 non
1840 1733 1934 1760 cum

150 1777 231 1818 hoc
264 1779 534 1831 interpreter:
569 1778 635 1818 hic
661 1789 820 1830 quoque
848 1778 1084 1818 disserendi
1101 1779 1323 1829 profitetur
1349 1785 1502 1828 artem,
1541 1779 1635 1818 scd:
1673 1790 1726 1818 ne
1751 1777 1820 1818 laic
1846 1779 1934 1831 qui-

151 1835 242 1876 dem
262 1848 343 1876 sua
366 1847 594 1876 sermonum
617 1840 746 1886 parte
770 1834 1047 1899 frustrandus
1073 1841 1148 1875 est.
1171 1856 1230 1866 —
1257 1836 1302 1876 Ρ.
1328 1834 1413 1878 271
1442 1834 1473 1875 G
1499 1830 1699 1888 ἀτεχνῶς
1724 1829 1790 1874 τιό
1812 1846 1861 1887 ’γε
1887 1834 1934 1884 Ο,

151 1884 352 1944 οἷτεχνῶς
381 1885 443 1938 ὥς
481 1886 618 1945 ἔγωγε
642 1890 797 1939 VEST,
834 1905 868 1931 ω
906 1903 954 1944 γε
991 1905 1110 1944 sequ.
1153 1894 1391 1945 aposiopesi
1418 1893 1818 1940 Winckelmannus;
1857 1894 1934 1934 sed

151 1951 288 2002 ipsam
321 1950 468 2002 optimi
502 1949 596 1990 libri
631 1950 854 1989 lectionem
882 1963 935 1989 ex
965 1950 1291 1991 demonstrativo
1321 1949 1485 1989 articuli
1511 1962 1589 1990 usu
1617 1951 1719 1991 satis
1747 1950 1934 1990 defendit

153 2005 434 2047 Schneiderus
471 2008 526 2048 ad
559 2005 781 2072 Rempubl.
813 2007 860 2047 Τ
896 2007 965 2047 ΙΙΙ.
1004 2019 1047 2059 Ρ.
1083 2006 1150 2050 16
1191 2028 1249 2037 -—
1288 2007 1333 2050 P.
1366 2004 1451 2050 271
1480 2008 1515 2048 D
1554 2001 1804 2060 ἐγενέσθην
1837 2014 1934 2060 post

152 2059 386 2116 μάχεσθαι
423 2064 560 2116 adJeci
594 2077 648 2105 ex
683 2064 949 2133 conjectura,
980 2071 1162 2104 attamen
1198 2066 1334 2117 ipsius
1372 2062 1504 2105 Oxon.
1536 2066 1715 2120 vestigia
1749 2072 1931 2114 secutus,

153 2122 224 2162 ubi
267 2122 376 2162 idem
411 2123 587 2163 verbum
625 2127 722 2175 post
761 2119 1002 2174 Ακαρνᾶνε
1036 2121 1212 2175 legitur;
1250 2123 1363 2174 quod
1401 2135 1526 2173 quum
1565 2123 1716 2174 reliqui
1752 2123 1934 2162 editores

151 2186 320 2245 praeter
341 2179 738 2220 Winckelmannum
766 2191 941 2247 prorsus
971 2178 1271 2233 neglexissent,
1299 2179 1402 2219 mihi
1428 2180 1762 2220 transferendum
1789 2180 1933 2232 potius

153 2237 196 2276 in
225 2237 550 2277 commodiorem
577 2236 714 2278 locum
743 2239 877 2278 visum
907 2241 984 2280 est.
1009 2257 1064 2266 ——
1086 2237 1130 2277 P.
1158 2234 1242 2278 272
1265 2236 1298 2275 D
1319 2232 1399 2276 καὶ
1429 2230 1484 2277 σὺ
1506 2235 1556 2277 τί
1580 2249 1672 2277 που
1700 2235 1933 2289 συμφοίτα

152 2292 282 2346 VBS,
319 2289 398 2333 καὶ
430 2304 484 2333 συ
511 2291 561 2333 τί
582 2307 637 2334 ου
664 2291 922 2350 συμφοιτᾷς
946 2294 979 2333 Τ
1006 2307 1059 2333 ex
1087 2294 1342 2335 Winckelm.
1375 2296 1639 2348 conjectura,
1669 2296 1788 2347 cujus
1818 2296 1932 2344 equi-

155 2352 249 2392 dem
271 2363 421 2391 causas
445 2364 527 2391 non
550 2352 751 2405 intelligo,
780 2364 915 2403 neque
941 2352 982 2391 in
1009 2352 1278 2402 sequentibus
1305 2358 1392 2393 erat
1420 2364 1493 2392 cur
1521 2365 1614 2394 cum
1644 2352 1793 2392 iisdem
1821 2347 1932 2397 ἴσως

153 2408 196 2448 in
229 2401 290 2453 ὡς
322 2415 551 2460 mutarem,
594 2415 763 2462 recepto
802 2410 1050 2463 praesertim
1080 2421 1132 2449 ex
1161 2408 1294 2449 Oxon.
1326 2403 1489 2461 εξομεν
1519 2423 1594 2463 pro
1629 2401 1822 2460 ἄξομεν,
1865 2411 1931 2450 cui

156 2465 350 2505 dubitans
379 2438 585 2518 partieu'la
617 2467 806 2519 apprime
842 2468 1057 2507 convenit.
1090 2465 1325 2508 habebimus
1350 2474 1482 2508 autem
1504 2468 1717 2520 fortasse,
1757 2478 1836 2519 quo
1861 2479 1932 2507 eos

153 2523 403 2570 allidamus,
425 2523 537 2588 filios
564 2529 669 2564 tuos.
698 2546 754 2553 —
785 2524 830 2565 P.
859 2521 945 2565 273
972 2525 1009 2563 A
1048 2515 1144 2573 ἅμα
1173 2535 1227 2562 ov
1257 2520 1421 2565 πολλοὶ
1449 2525 1588 2565 Herm.
1618 2537 1670 2564 ex
1698 2523 1830 2564 Oxou.
1863 2536 1931 2564 ve-

154 2580 318 2645 stigiis,
348 2581 420 2632 qui
457 2592 554 2631 αμα
591 2593 650 2620 ccv
686 2576 849 2621 πολλοὶ
880 2581 1026 2628 offert3
1066 2576 1164 2634 ἅμα
1196 2577 1359 2621 πολλοὶ
1389 2580 1550 2630 VBST,
1589 2582 1628 2622 in
1662 2594 1743 2631 quo
1786 2581 1822 2620 si
1862 2593 1930 2620 ac·

154 2637 367 2687 quiescere
397 2650 569 2679 necesse
596 2644 729 2687 esset,
760 2639 888 2679 verba
915 2650 1009 2677 cum
1039 2652 1156 2691 sequ.
1188 2630 1289 2690 ἐμοὶ
1319 2636 1475 2678 δοκειν
1502 2638 1790 2680 convenientia
1819 2638 1930 2678 illico

153 2693 559 2759 circumscriberem3
600 2708 710 2736 nunc
749 2709 824 2736 sua
860 2695 1038 2747 singulis
1066 2696 1259 2738 acumina
1289 2702 1491 2736 constant.
1552 2697 1667 2736 Idem
1697 2695 1805 2735 liber
1830 2707 1931 2735 mox

152 2750 275 2791 claris
305 2752 443 2792 verbis
475 2743 587 2792 ὅσον
617 2745 680 2805 μὴ
737 2766 782 2793 ro
809 2763 919 2792 οσον
946 2748 1043 2804 μέν,
1071 2767 1152 2806 quo
1179 2761 1346 2807 recepto
1378 2753 1512 2794 solum
1539 2754 1652 2805 quod
1680 2751 1807 2805 vulgo
1835 2758 1933 2806 post

150 2798 368 2864 ὑβριστὴς
395 2811 647 2861 sequebatur
679 2807 728 2851 ὃε
758 2810 848 2851 tolli
878 2824 969 2851 cum
998 2811 1348 2852 Winckelmanno
1379 2823 1485 2863 opus
1513 2817 1612 2859 erat,
1636 2817 1682 2850 ut
1714 2816 1754 2851 et
1780 2823 1928 2851 sensus

152 2867 348 2921 egregius
378 2872 419 2907 et
449 2874 656 2909 structura
686 2881 762 2921 pro
790 2868 992 2921 impedita
1021 2867 1360 2910 commodissima
1392 2869 1537 2908 exiret.
1558 2890 1618 2899 -
1643 2869 1688 2908 P
1718 2867 1802 2911 273
1820 2869 1852 2908 B
1878 2860 1926 2906 ἕν
