2020 3094
260 179 361 232 122
413 209 416 211 -
875 179 1348 228 ΠΛΑΤΩΝΟΣ
1871 186 1928 230 34
1995 178 1999 181 ’

262 320 381 382 εἰσι,
403 315 491 369 καὶ
510 310 583 383 μή
604 333 695 381 μοι
716 307 1009 383 φθονήσῃς
1030 318 1129 366 τοῦ
1147 310 1485 382 μαθήματος.
1525 314 1781 384 Φεύγεις,
1802 315 1926 381 ἔφη,

263 390 307 450 ὦ
327 395 648 465 Σώκρατες,
688 388 717 446 6
749 392 1204 462 Διονυσόδωρος,
1239 394 1329 448 καὶ
1350 391 1451 448 οὐκ
1471 397 1678 460 ἐθέλεις
1696 393 1926 462 ἀποκρί-

262 484 476 532 νεσθαι.
549 473 796 536 Εἰκότως
814 470 888 543 γ’,
929 471 1084 528 εἶπον
1103 474 1209 543 ἐγώ
1223 496 1233 505 ·
1271 473 1452 544 ἥττων
1470 475 1576 547 γάρ
1598 481 1702 547 εἰμι
1721 476 1809 530 καὶ
1828 479 1926 528 τοῦ
2006 488 2020 538 j

198 574 230 616 e
262 558 451 628 ἑτέρου
480 553 666 626 ὑμῶν,
707 552 845 608 ὥστε
876 561 1087 609 πολλοῦ
1112 556 1215 609 δέω
1246 553 1318 625 μὴ
1351 553 1419 610 οὐ
1450 555 1551 611 δύο
1585 577 1647 626 γε
1681 555 1926 627 φεύγειν.

262 635 407 693 πολὺ
427 635 535 707 γὰρ
564 635 674 690 πού
705 639 812 704 εἰμι
842 634 1182 704 φαυλότερος
1209 642 1311 690 τοῦ
1341 633 1696 707 Ἡρακλέους,
1735 633 1795 699 ὃς
1829 632 1928 704 οὐχ

262 715 378 784 οἷός
406 739 463 773 τε
493 711 567 789 ἦν
592 723 660 789 τῇ
688 738 745 771 τε
774 714 920 789 ὕδρᾳ
942 717 1331 788 διαμάχεσθαι,
1371 723 1660 790 σοφιστρίᾳ
1682 715 1821 789 οὔσῃ
1841 717 1930 770 καὶ

263 799 352 855 διὰ
383 797 485 870 τὴν
515 803 719 869 σοφίαν
747 794 985 869 ἀνιείσῃ,
1027 803 1076 853 εί
1101 803 1233 868 μίαν
1261 798 1513 871 κεφαλὴν
1541 806 1643 855 τοῦ
1661 798 1833 869 λόγου
1851 819 1930 861 τις

262 881 524 952 ἀποτέμοι
540 923 553 948 ,
594 878 799 943 πολλὰς
824 876 946 934 ἀντὶ
963 886 1058 949 τῆς
1078 886 1229 950 μιᾶς,
1268 882 1358 936 καὶ
1379 886 1621 955 καρκίνῳ
1640 882 1746 936 τινὶ
1766 881 1928 951 ἑτέρῳ

261 968 522 1034 σοφιστῇ,
545 964 604 1017 ἐκ
623 962 898 1031 θαλάττης
915 960 1198 1034 ἀφιγμένῳ
1212 1008 1223 1028 ,
1244 973 1465 1034 νεωστί,
1487 985 1577 1034 μοι
1599 967 1808 1031 δοκεῖν,
1830 982 1927 1016 κα·
2003 959 2009 1014 2

260 1044 683 1099 ταπεπλευκότι·
721 1040 781 1107 ὃς
811 1040 996 1113 ἐπειδὴ
1030 1040 1202 1099 αὐτὸν
1231 1043 1416 1099 ἐλύπει
1449 1042 1622 1109 οὕτως
1642 1047 1700 1100 ἐκ
1721 1049 1818 1098 τοῦ
1840 1046 1924 1097 ἐπ’
1996 1085 2002 1091 .

262 1123 520 1196 ἀριστερὰ
544 1126 721 1195 λέγων
740 1126 830 1179 καὶ
851 1125 1100 1194 δάκνων,
1122 1122 1221 1179 τὸν
1239 1124 1452 1180 Ἰόλεων
1472 1123 1572 1180 τὸν
1590 1122 1927 1194 ἀδελφιδοῦν
1998 1191 1999 1194 ¹

196 1218 232 1259 D
263 1206 482 1279 βοηθὸν
500 1208 891 1274 ἐπεκαλέσατο,
931 1203 1038 1261 ὁδὲ
1069 1203 1219 1282 αὐτῷ
1237 1209 1440 1271 ἱκανῶς
1460 1206 1783 1277 ἐβοήθησεν.
1818 1202 1846 1259 6
1877 1201 1926 1259 δ’

264 1288 390 1360 ἐμὸς
420 1287 626 1353 Ἰόλεως
665 1293 1026 1358 [Πατροκλῆς]
1066 1291 1116 1342 εἰ
1151 1292 1332 1357 ἔλθοι,
1380 1291 1546 1343 πλέον
1583 1283 1656 1342 ἄν
1689 1285 1923 1355 θάτεροτ
1999 1301 2008 1357 J

264 1369 555 1441 ποιήσειεν.

403 1458 584 1508 XXIV.
658 1449 970 1517 Ἀπόκριναι
992 1450 1086 1521 δή,
1117 1454 1223 1521 ἔφη
1244 1448 1271 1506 6
1294 1451 1747 1520 Διονυσόδωρος,
1770 1446 1924 1505 ὁπότε

263 1550 352 1587 σοι
386 1539 558 1587 ταῦτα
591 1531 853 1602 ὕμνηται·
890 1529 1125 1600 πότερον
1162 1529 1190 1586 6
1224 1530 1432 1598 Ἰόλεως
1467 1537 1567 1587 τοῦ
1599 1530 1926 1602 “Ηρακλέους

263 1620 477 1684 μᾶλλον
496 1608 567 1683 ἦν
583 1610 917 1683 ἀδελφιδοῦς
950 1608 983 1683 ἦ
1013 1612 1134 1679 σός;
1172 1612 1483 1681 Κράτιστον
1509 1618 1702 1668 τοίνυν
1729 1633 1850 1683 μοι,
1888 1634 1923 1666 α

265 1696 687 1766 Διονυσόδωρε,
728 1689 800 1765 ἦν
819 1693 872 1749 δ’
894 1694 1026 1766 ἐγώ,
1066 1693 1480 1763 ἀποκρίνασθαί
1505 1712 1606 1750 σοι.
1644 1693 1712 1750 οὐ
1730 1692 1838 1764 γὰρ
1859 1715 1924 1764 μγ,

264 1778 401 1850 ἀνῇς
421 1780 667 1847 ἐρωτῶν,
707 1777 904 1847 σχεδόν
931 1800 982 1831 τι
1009 1775 1114 1846 ἐγώ
1133 1775 1286 1832 τοῦτ’
1308 1770 1372 1831 εὖ
1401 1776 1562 1847 οἶδα,
1589 1783 1825 1846 φθονῶν
1843 1778 1928 1832 καὶ

265 1860 620 1929 διακωλύων,
660 1862 750 1913 ἵνα
780 1857 851 1928 μὴ
885 1858 1076 1930 διδάξῃ
1106 1880 1171 1928 με
1198 1857 1538 1929 Εὐθύδημος
1558 1859 1733 1913 έκεῖνο
1752 1855 1812 1912 τό
1836 1875 1929 1911 σοη

265 1942 392 2012 φόν.
461 1938 793 2011 ’Λποκρίνου
813 1940 897 2010 δή,
920 1945 1037 2010 ἔφη.
1072 1938 1499 2010 Ἀποκρινοῦμαι
1519 1940 1614 2009 δή,
1643 1937 1827 2007 εἷπον,
1850 1936 1930 1992 ὅτι

264 2020 712 2091 τοῦἩρακλέους
730 2016 803 2092 ἦν
823 2019 851 2076 6
871 2020 1077 2085 Ἰόλεως
1096 2019 1454 2091 ἀδελφιδοῦς,
1474 2019 1600 2091 ἐμὸς
1620 2017 1693 2091 δ’,
1727 2018 1799 2084 ὡς
1818 2020 1929 2089 ἐμοὶ

204 2125 237 2165 E
269 2110 444 2173 δοκεῖ,
485 2101 608 2159 οὐδ’
645 2101 973 2159 ὁπωστιοῦν.
1013 2101 1081 2157 οὐ
1101 2101 1206 2173 γὰρ
1225 2108 1551 2173 Πατροκλῆς
1569 2095 1640 2172 ἦν
1659 2098 1809 2174 αὐτῷ
1829 2121 1934 2154 πα-

264 2187 394 2258 τήρ,
433 2184 462 2241 ὁ
503 2186 630 2256 ε’μός
667 2183 931 2255 ἀδελφός,
969 2183 1106 2240 ἀλλά
1137 2185 1522 2256 παραπλήσιον
1549 2186 1651 2254 μὲν
1687 2181 1931 2252 τοῦνομα

259 2269 524 2364 Ἰφικλῆς,
558 2264 586 2322 6
597 2264 932 2337 Ἡρακλέους
951 2264 1202 2337 ἀδελφός.
1258 2271 1579 2337 Πατροκλῆς
1601 2268 1686 2332 δέ,
1725 2267 1758 2335 ἡ
1783 2261 1836 2318 δ’
1857 2260 1934 2331 ὅς,

266 2350 387 2415 σός;
419 2351 584 2405 Πάνυ
602 2348 654 2420 γ’
661 2392 678 2420 ,
716 2354 857 2420 ἔφην
876 2348 1000 2419 ἐγώ,
1023 2346 1356 2419 ὁμομήτριός
1374 2369 1463 2417 γε,
1505 2344 1573 2401 οὐ
1592 2348 1776 2416 μέντοι
1797 2341 1931 2414 ὁμο-

265 2432 507 2503 πάτριος.
559 2428 821 2500 Ἀδελφός
847 2429 955 2500 άρα
984 2432 1100 2484 ἐστί
1125 2446 1211 2484 σοι
1238 2430 1329 2485 καὶ
1366 2450 1468 2484 ουκ
1505 2426 1757 2526 ἀδελφός.
1816 2422 1934 2494 Οὐχ

267 2512 599 2583 ὁμοπάτριός
618 2534 698 2583 γε,
720 2535 761 2567 ω
781 2515 1083 2584 βέλτιστε,’
1063 2532 1228 2581 εφην·
1252 2513 1468 2566 ἐκείνου
1487 2530 1588 2579 μεν
1606 2505 1712 2577 γὰρ
1731 2506 1934 2576 Χαιρέ-

267 2599 438 2666 δημος
472 2597 545 2665 ἠν
580 2594 784 2665 πατήρ,
823 2594 950 2664 ἐμὸς
980 2596 1038 2649 δὲ
1066 2598 1479 2664 Σωφρονίσκος.
1536 2588 1727 2660 Πατὴρ
1757 2587 1816 2643 δε
1845 2590 1934 2658 ἡν,

267 2682 402 2747 ἐφη,
438 2681 838 2778 Σωφρονίσκος
864 2697 953 2730 και
972 2677 1339 2745 Χαιρέδημος,
1391 2672 1558 2727 Πάνυ
1585 2669 1638 2742 γ’
1646 2713 1661 2741 ‚
1698 2675 1863 2741 ἔφην·
1905 2667 1931 2725 ὁ

146 2780 236 2826 293
266 2765 448 2829 μένγε
468 2758 623 2828 ἐμός,
660 2754 688 2812 6
713 2757 817 2813 δε’
791 2761 1023 2812 εκείνου.
1084 2753 1338 2825 Οὐκοῦν,
1374 2746 1411 2824 ἦ
1436 2749 1490 2808 δ’
1524 2751 1612 2824 ὅς,
1652 2753 1835 2823 ἕτερος
1862 2744 1935 2820 ἦν

268 2842 606 2912 Χαιρέδημος
624 2845 723 2895 τοῦ
743 2838 975 2908 πατρός;
1019 2836 1244 2908 Τούμοῦ
1262 2834 1321 2908 γ’
1322 2878 1339 2908 ,
1371 2841 1514 2907 ἔφην
1535 2834 1659 2906 ἐγώ
1693 2828 1809 2905 Αρ’
1830 2853 1929 2887 om·
1992 2881 1994 2883 .
