<?xml version="1.0" encoding="UTF-8"?>
<!DOCTYPE html PUBLIC "-//W3C//DTD XHTML 1.0 Transitional//EN"
    "http://www.w3.org/TR/xhtml1/DTD/xhtml1-transitional.dtd">
<html xmlns="http://www.w3.org/1999/xhtml" xml:lang="en" lang="en">
 <head>
  <title>
</title>
<meta http-equiv="Content-Type" content="text/html;charset=utf-8" />
  <meta name='ocr-system' content='tesseract 3.04.00' />
  <meta name='ocr-capabilities' content='ocr_page ocr_carea ocr_par ocr_line ocrx_word'/>
</head>
<body>
  <div class='ocr_page' id='page_1' title='image "./dialogisecumdumt03platuoft_0113.png"; bbox 0 0 2020 3094; ppageno 0'>
   <div class='ocr_carea' id='block_1_1' title="bbox 804 144 1791 198">
    <p class='ocr_par' dir='ltr' id='par_1_1' title="bbox 804 144 1791 198">
     <span class='ocr_line' id='line_1_1' title="bbox 804 144 1791 198; baseline 0 0"><span class='ocrx_word' id='word_1_1' title='bbox 804 149 1079 198; x_wconf 76' lang='grc' dir='ltr'><strong><em>ΛΤΣΙΣ.</em></strong></span> <span class='ocrx_word' id='word_1_2' title='bbox 1724 144 1791 198; x_wconf 87' lang='grc'><strong><em>79</em></strong></span> 
     </span>
    </p>
   </div>
   <div class='ocr_carea' id='block_1_2' title="bbox 0 279 1901 2905">
    <p class='ocr_par' dir='ltr' id='par_1_2' title="bbox 0 279 1901 2905">
     <span class='ocr_line' id='line_1_2' title="bbox 110 279 1790 361; baseline -0.006 -16"><span class='ocrx_word' id='word_1_3' title='bbox 110 294 315 361; x_wconf 69' lang='grc' dir='ltr'><strong><em>ἔχθρας</em></strong></span> <span class='ocrx_word' id='word_1_4' title='bbox 334 290 713 358; x_wconf 80' lang='grc' dir='ltr'><strong><em>ἐμπίπλασθαι</em></strong></span> <span class='ocrx_word' id='word_1_5' title='bbox 725 327 740 356; x_wconf 90' lang='grc'><strong><em>,</em></strong></span> <span class='ocrx_word' id='word_1_6' title='bbox 773 281 840 340; x_wconf 79' lang='grc' dir='ltr'><strong><em>τὰ</em></strong></span> <span class='ocrx_word' id='word_1_7' title='bbox 857 279 907 339; x_wconf 79' lang='grc' dir='ltr'><strong><em>δ’</em></strong></span> <span class='ocrx_word' id='word_1_8' title='bbox 930 279 1298 353; x_wconf 79' lang='grc' dir='ltr'><strong><em>ἀνομοιότατα</em></strong></span> <span class='ocrx_word' id='word_1_9' title='bbox 1316 287 1514 352; x_wconf 84' lang='grc' dir='ltr'><strong><em>φιλίας.</em></strong></span> <span class='ocrx_word' id='word_1_10' title='bbox 1564 279 1662 336; x_wconf 80' lang='grc' dir='ltr'><strong><em>τὸν</em></strong></span> <span class='ocrx_word' id='word_1_11' title='bbox 1682 280 1790 352; x_wconf 76' lang='grc' dir='ltr'><strong><em>γὰρ</em></strong></span> 
     </span>
     <span class='ocr_line' id='line_1_3' title="bbox 112 361 1792 443; baseline -0.006 -15"><span class='ocrx_word' id='word_1_12' title='bbox 112 375 319 443; x_wconf 85' lang='grc' dir='ltr'><strong><em>πένητα</em></strong></span> <span class='ocrx_word' id='word_1_13' title='bbox 349 376 430 443; x_wconf 76' lang='grc' dir='ltr'><strong><em>τῷ</em></strong></span> <span class='ocrx_word' id='word_1_14' title='bbox 457 374 704 442; x_wconf 78' lang='grc' dir='ltr'><strong><em>πλουσίῳ</em></strong></span> <span class='ocrx_word' id='word_1_15' title='bbox 735 365 1144 437; x_wconf 77' lang='grc' dir='ltr'><strong><em>ἀναγκάζεσθαι</em></strong></span> <span class='ocrx_word' id='word_1_16' title='bbox 1181 370 1350 436; x_wconf 86' lang='grc' dir='ltr'><strong><em>φίλον</em></strong></span> <span class='ocrx_word' id='word_1_17' title='bbox 1386 363 1526 420; x_wconf 85' lang='grc' dir='ltr'><strong><em>εἶναι</em></strong></span> <span class='ocrx_word' id='word_1_18' title='bbox 1563 365 1655 420; x_wconf 87' lang='grc' dir='ltr'><strong><em>καὶ</em></strong></span> <span class='ocrx_word' id='word_1_19' title='bbox 1689 361 1792 419; x_wconf 84' lang='grc' dir='ltr'><strong><em>τὸν</em></strong></span> 
     </span>
     <span class='ocr_line' id='line_1_4' title="bbox 110 445 1789 526; baseline -0.005 -16"><span class='ocrx_word' id='word_1_20' title='bbox 110 453 324 523; x_wconf 84' lang='grc' dir='ltr'><strong><em>ἀσθενῆ</em></strong></span> <span class='ocrx_word' id='word_1_21' title='bbox 354 458 433 526; x_wconf 77' lang='grc' dir='ltr'><strong><em>τῷ</em></strong></span> <span class='ocrx_word' id='word_1_22' title='bbox 462 456 669 525; x_wconf 80' lang='grc' dir='ltr'><strong><em>ἰσχυρῷ</em></strong></span> <span class='ocrx_word' id='word_1_23' title='bbox 709 457 804 521; x_wconf 85' lang='grc' dir='ltr'><strong><em>τῆς</em></strong></span> <span class='ocrx_word' id='word_1_24' title='bbox 844 451 1160 518; x_wconf 80' lang='grc' dir='ltr'><strong><em>ἐπικουρίας</em></strong></span> <span class='ocrx_word' id='word_1_25' title='bbox 1194 448 1382 519; x_wconf 80' lang='grc' dir='ltr'><strong><em>ἕνεκα,</em></strong></span> <span class='ocrx_word' id='word_1_26' title='bbox 1421 448 1513 503; x_wconf 86' lang='grc' dir='ltr'><strong><em>καὶ</em></strong></span> <span class='ocrx_word' id='word_1_27' title='bbox 1548 445 1648 503; x_wconf 82' lang='grc' dir='ltr'><strong><em>τὸν</em></strong></span> <span class='ocrx_word' id='word_1_28' title='bbox 1684 447 1789 503; x_wconf 90' lang='grc' dir='ltr'><strong><em>κά-</em></strong></span> 
     </span>
     <span class='ocr_line' id='line_1_5' title="bbox 108 526 1789 607; baseline -0.004 -17"><span class='ocrx_word' id='word_1_29' title='bbox 108 555 320 606; x_wconf 88' lang='grc' dir='ltr'><strong><em>μνοντα</em></strong></span> <span class='ocrx_word' id='word_1_30' title='bbox 342 539 419 607; x_wconf 78' lang='grc' dir='ltr'><strong><em>τῷ</em></strong></span> <span class='ocrx_word' id='word_1_31' title='bbox 455 538 650 605; x_wconf 79' lang='grc' dir='ltr'><strong><em>ἰατρῷ·</em></strong></span> <span class='ocrx_word' id='word_1_32' title='bbox 690 533 782 586; x_wconf 87' lang='grc' dir='ltr'><strong><em>καὶ</em></strong></span> <span class='ocrx_word' id='word_1_33' title='bbox 811 531 990 585; x_wconf 88' lang='grc' dir='ltr'><strong><em>πάντα</em></strong></span> <span class='ocrx_word' id='word_1_34' title='bbox 1022 528 1088 600; x_wconf 80' lang='grc' dir='ltr'><strong><em>δὴ</em></strong></span> <span class='ocrx_word' id='word_1_35' title='bbox 1116 527 1216 585; x_wconf 86' lang='grc' dir='ltr'><strong><em>τὸν</em></strong></span> <span class='ocrx_word' id='word_1_36' title='bbox 1246 526 1319 601; x_wconf 81' lang='grc' dir='ltr'><strong><em>μὴ</em></strong></span> <span class='ocrx_word' id='word_1_37' title='bbox 1347 529 1532 585; x_wconf 78' lang='grc' dir='ltr'><strong><em>εἰδότα</em></strong></span> <span class='ocrx_word' id='word_1_38' title='bbox 1563 527 1789 602; x_wconf 76' lang='grc' dir='ltr'><strong><em>ἀγαπᾷν</em></strong></span> 
     </span>
     <span class='ocr_line' id='line_1_6' title="bbox 109 610 1788 712; baseline -0.005 -38"><span class='ocrx_word' id='word_1_39' title='bbox 109 616 211 675; x_wconf 84' lang='grc' dir='ltr'><strong><em>τὸν</em></strong></span> <span class='ocrx_word' id='word_1_40' title='bbox 239 615 425 673; x_wconf 80' lang='grc' dir='ltr'><strong><em>εἰδότα</em></strong></span> <span class='ocrx_word' id='word_1_41' title='bbox 458 616 548 671; x_wconf 88' lang='grc' dir='ltr'><strong><em>καὶ</em></strong></span> <span class='ocrx_word' id='word_1_42' title='bbox 585 621 782 684; x_wconf 76' lang='grc' dir='ltr'><strong><em>φιλεῖν.</em></strong></span> <span class='ocrx_word' id='word_1_43' title='bbox 837 615 928 668; x_wconf 86' lang='grc' dir='ltr'><strong><em>καὶ</em></strong></span> <span class='ocrx_word' id='word_1_44' title='bbox 951 610 1053 712; x_wconf 47' lang='grc' dir='ltr'><strong><em>δὴν</em></strong></span> <span class='ocrx_word' id='word_1_45' title='bbox 1067 614 1157 666; x_wconf 84' lang='grc' dir='ltr'><strong><em>καὶ</em></strong></span> <span class='ocrx_word' id='word_1_46' title='bbox 1189 615 1266 667; x_wconf 79' lang='grc' dir='ltr'><strong><em>ἔτι</em></strong></span> <span class='ocrx_word' id='word_1_47' title='bbox 1295 611 1506 684; x_wconf 81' lang='grc' dir='ltr'><strong><em>ἐπεξῄει</em></strong></span> <span class='ocrx_word' id='word_1_48' title='bbox 1529 617 1605 686; x_wconf 75' lang='grc' dir='ltr'><strong><em>τῷ</em></strong></span> <span class='ocrx_word' id='word_1_49' title='bbox 1639 611 1788 685; x_wconf 85' lang='grc' dir='ltr'><strong><em>λόγῳ</em></strong></span> 
     </span>
     <span class='ocr_line' id='line_1_7' title="bbox 109 692 1789 775; baseline -0.005 -18"><span class='ocrx_word' id='word_1_50' title='bbox 109 703 706 775; x_wconf 85' lang='grc' dir='ltr'><strong><em>μεγαλοπρεπέστερον,</em></strong></span> <span class='ocrx_word' id='word_1_51' title='bbox 728 699 904 767; x_wconf 86' lang='grc' dir='ltr'><strong><em>λέγων</em></strong></span> <span class='ocrx_word' id='word_1_52' title='bbox 925 717 1000 760; x_wconf 83' lang='grc' dir='ltr'><strong><em>ως</em></strong></span> <span class='ocrx_word' id='word_1_53' title='bbox 1018 694 1125 766; x_wconf 87' lang='grc' dir='ltr'><strong><em>α’ρα</em></strong></span> <span class='ocrx_word' id='word_1_54' title='bbox 1148 692 1352 758; x_wconf 77' lang='grc' dir='ltr'><strong><em>παντὸς</em></strong></span> <span class='ocrx_word' id='word_1_55' title='bbox 1373 696 1488 749; x_wconf 80' lang='grc' dir='ltr'><strong><em>δέοι</em></strong></span> <span class='ocrx_word' id='word_1_56' title='bbox 1506 692 1567 750; x_wconf 79' lang='grc' dir='ltr'><strong><em>τὰ</em></strong></span> <span class='ocrx_word' id='word_1_57' title='bbox 1590 693 1789 766; x_wconf 82' lang='grc' dir='ltr'><strong><em>ὅμοιον</em></strong></span> 
     </span>
     <span class='ocr_line' id='line_1_8' title="bbox 108 775 1849 886; baseline -0.008 -43"><span class='ocrx_word' id='word_1_58' title='bbox 108 809 184 860; x_wconf 86' lang='grc' dir='ltr'><strong><em>τῳ</em></strong></span> <span class='ocrx_word' id='word_1_59' title='bbox 206 784 377 886; x_wconf 84' lang='grc' dir='ltr'><strong><em>ὁμοίω</em></strong></span> <span class='ocrx_word' id='word_1_60' title='bbox 397 789 563 855; x_wconf 86' lang='grc' dir='ltr'><strong><em>φίλον</em></strong></span> <span class='ocrx_word' id='word_1_61' title='bbox 582 780 750 852; x_wconf 81' lang='grc' dir='ltr'><strong><em>εἶναι,</em></strong></span> <span class='ocrx_word' id='word_1_62' title='bbox 790 776 902 836; x_wconf 84' lang='grc' dir='ltr'><strong><em>ἀλλ’</em></strong></span> <span class='ocrx_word' id='word_1_63' title='bbox 925 775 1060 834; x_wconf 84' lang='grc' dir='ltr'><strong><em>αὐτὸ</em></strong></span> <span class='ocrx_word' id='word_1_64' title='bbox 1090 775 1151 832; x_wconf 86' lang='grc' dir='ltr'>τό</span> <span class='ocrx_word' id='word_1_65' title='bbox 1176 779 1430 833; x_wconf 87' lang='grc' dir='ltr'><strong><em>ἐναντίον</em></strong></span> <span class='ocrx_word' id='word_1_66' title='bbox 1450 784 1533 847; x_wconf 69' lang='grc' dir='ltr'><strong><em>εἴη</em></strong></span> <span class='ocrx_word' id='word_1_67' title='bbox 1553 775 1784 831; x_wconf 76' lang='grc' dir='ltr'><strong><em>τούτου’</em></strong></span> <span class='ocrx_word' id='word_1_68' title='bbox 1814 787 1849 828; x_wconf 83' lang='lat' dir='ltr'>E</span> 
     </span>
     <span class='ocr_line' id='line_1_9' title="bbox 106 857 1789 941; baseline -0.008 -14"><span class='ocrx_word' id='word_1_69' title='bbox 106 869 168 927; x_wconf 83' lang='grc' dir='ltr'><strong><em>τὰ</em></strong></span> <span class='ocrx_word' id='word_1_70' title='bbox 189 868 296 941; x_wconf 80' lang='grc' dir='ltr'><strong><em>γὰρ</em></strong></span> <span class='ocrx_word' id='word_1_71' title='bbox 317 867 718 925; x_wconf 73' lang='grc' dir='ltr'><strong><em>ἐναντιώτατον</em></strong></span> <span class='ocrx_word' id='word_1_72' title='bbox 746 870 821 939; x_wconf 79' lang='grc' dir='ltr'><strong><em>τῷ</em></strong></span> <span class='ocrx_word' id='word_1_73' title='bbox 853 861 1228 934; x_wconf 81' lang='grc' dir='ltr'><strong><em>ἐναντιωτάτῳ</em></strong></span> <span class='ocrx_word' id='word_1_74' title='bbox 1269 857 1409 915; x_wconf 84' lang='grc' dir='ltr'><strong><em>εἶναι</em></strong></span> <span class='ocrx_word' id='word_1_75' title='bbox 1427 858 1661 930; x_wconf 86' lang='grc' dir='ltr'><strong><em>μάλιστα</em></strong></span> <span class='ocrx_word' id='word_1_76' title='bbox 1692 863 1789 928; x_wconf 88' lang='grc' dir='ltr'><strong><em>φί-</em></strong></span> 
     </span>
     <span class='ocr_line' id='line_1_10' title="bbox 108 937 1788 1020; baseline -0.009 -12"><span class='ocrx_word' id='word_1_77' title='bbox 108 959 226 1008; x_wconf 89' lang='grc' dir='ltr'><strong><em>λον.</em></strong></span> <span class='ocrx_word' id='word_1_78' title='bbox 281 954 574 1020; x_wconf 71' lang='grc' dir='ltr'><strong><em>ἐπιθυμεῖν</em></strong></span> <span class='ocrx_word' id='word_1_79' title='bbox 602 946 710 1019; x_wconf 83' lang='grc' dir='ltr'><strong><em>γάρ</em></strong></span> <span class='ocrx_word' id='word_1_80' title='bbox 730 953 834 1002; x_wconf 84' lang='grc' dir='ltr'><strong><em>τοῦ</em></strong></span> <span class='ocrx_word' id='word_1_81' title='bbox 861 944 1118 1000; x_wconf 84' lang='grc' dir='ltr'><strong><em>τοιούτου</em></strong></span> <span class='ocrx_word' id='word_1_82' title='bbox 1148 944 1408 1011; x_wconf 75' lang='grc' dir='ltr'><strong><em>ἕκαστον,</em></strong></span> <span class='ocrx_word' id='word_1_83' title='bbox 1449 937 1561 996; x_wconf 86' lang='grc' dir='ltr'><strong><em>ἀλλ’</em></strong></span> <span class='ocrx_word' id='word_1_84' title='bbox 1589 937 1658 995; x_wconf 84' lang='grc' dir='ltr'><strong><em>οὐ</em></strong></span> <span class='ocrx_word' id='word_1_85' title='bbox 1685 945 1788 994; x_wconf 86' lang='grc' dir='ltr'><strong><em>τοῦ</em></strong></span> 
     </span>
     <span class='ocr_line' id='line_1_11' title="bbox 107 1018 1786 1105; baseline -0.01 -15"><span class='ocrx_word' id='word_1_86' title='bbox 107 1030 426 1105; x_wconf 85' lang='grc' dir='ltr'><strong><em>ὁμοίου·τὸ</em></strong></span> <span class='ocrx_word' id='word_1_87' title='bbox 455 1053 556 1103; x_wconf 89' lang='grc' dir='ltr'><strong><em>μεν</em></strong></span> <span class='ocrx_word' id='word_1_88' title='bbox 576 1028 682 1101; x_wconf 78' lang='grc' dir='ltr'><strong><em>γὰρ</em></strong></span> <span class='ocrx_word' id='word_1_89' title='bbox 713 1025 884 1100; x_wconf 82' lang='grc' dir='ltr'><strong><em>ξηρὸν</em></strong></span> <span class='ocrx_word' id='word_1_90' title='bbox 911 1023 1116 1098; x_wconf 85' lang='grc' dir='ltr'><strong><em>ὑγροῦ,</em></strong></span> <span class='ocrx_word' id='word_1_91' title='bbox 1153 1021 1214 1080; x_wconf 81' lang='grc' dir='ltr'><strong><em>τὸ</em></strong></span> <span class='ocrx_word' id='word_1_92' title='bbox 1237 1022 1295 1078; x_wconf 84' lang='grc' dir='ltr'><strong><em>δε</em></strong></span> <span class='ocrx_word' id='word_1_93' title='bbox 1313 1018 1531 1092; x_wconf 84' lang='grc' dir='ltr'><strong><em>ψυχρὸν</em></strong></span> <span class='ocrx_word' id='word_1_94' title='bbox 1548 1026 1786 1091; x_wconf 79' lang='grc' dir='ltr'><strong><em>θερμοῦ,</em></strong></span> 
     </span>
     <span class='ocr_line' id='line_1_12' title="bbox 109 1100 1788 1184; baseline -0.008 -14"><span class='ocrx_word' id='word_1_95' title='bbox 109 1114 169 1171; x_wconf 81' lang='grc' dir='ltr'><strong><em>τὸ</em></strong></span> <span class='ocrx_word' id='word_1_96' title='bbox 201 1114 260 1172; x_wconf 77' lang='grc' dir='ltr'><strong><em>δὲ</em></strong></span> <span class='ocrx_word' id='word_1_97' title='bbox 289 1111 493 1184; x_wconf 83' lang='grc' dir='ltr'><strong><em>πικρὸν</em></strong></span> <span class='ocrx_word' id='word_1_98' title='bbox 522 1114 780 1183; x_wconf 82' lang='grc' dir='ltr'><strong><em>γλυκέος,</em></strong></span> <span class='ocrx_word' id='word_1_99' title='bbox 819 1108 880 1166; x_wconf 86' lang='grc' dir='ltr'>τό</span> <span class='ocrx_word' id='word_1_100' title='bbox 914 1109 973 1165; x_wconf 76' lang='grc' dir='ltr'><strong><em>δὲ</em></strong></span> <span class='ocrx_word' id='word_1_101' title='bbox 1006 1106 1106 1174; x_wconf 78' lang='grc' dir='ltr'><strong><em>ὀξὺ</em></strong></span> <span class='ocrx_word' id='word_1_102' title='bbox 1136 1104 1397 1178; x_wconf 83' lang='grc' dir='ltr'><strong><em>ἀμβλέος,</em></strong></span> <span class='ocrx_word' id='word_1_103' title='bbox 1435 1101 1497 1159; x_wconf 83' lang='grc' dir='ltr'><strong><em>τὸ</em></strong></span> <span class='ocrx_word' id='word_1_104' title='bbox 1531 1102 1590 1159; x_wconf 74' lang='grc' dir='ltr'><strong><em>δὲ</em></strong></span> <span class='ocrx_word' id='word_1_105' title='bbox 1620 1100 1788 1158; x_wconf 85' lang='grc' dir='ltr'><strong><em>κενὸν</em></strong></span> 
     </span>
     <span class='ocr_line' id='line_1_13' title="bbox 107 1178 1788 1268; baseline -0.009 -15"><span class='ocrx_word' id='word_1_106' title='bbox 107 1195 442 1268; x_wconf 72' lang='grc' dir='ltr'><strong><em>πληρώσεως</em></strong></span> <span class='ocrx_word' id='word_1_107' title='bbox 455 1236 471 1264; x_wconf 89' lang='grc'><strong><em>,</em></strong></span> <span class='ocrx_word' id='word_1_108' title='bbox 494 1195 585 1250; x_wconf 84' lang='grc' dir='ltr'><strong><em>καὶ</em></strong></span> <span class='ocrx_word' id='word_1_109' title='bbox 602 1190 663 1249; x_wconf 88' lang='grc' dir='ltr'>τὸ</span> <span class='ocrx_word' id='word_1_110' title='bbox 687 1199 890 1264; x_wconf 80' lang='grc' dir='ltr'><strong><em>πλῆρες</em></strong></span> <span class='ocrx_word' id='word_1_111' title='bbox 909 1193 967 1246; x_wconf 79' lang='grc' dir='ltr'><strong><em>δὲ</em></strong></span> <span class='ocrx_word' id='word_1_112' title='bbox 986 1188 1298 1253; x_wconf 68' lang='grc' dir='ltr'><strong><em>κενώσεως·</em></strong></span> <span class='ocrx_word' id='word_1_113' title='bbox 1336 1187 1428 1242; x_wconf 86' lang='grc' dir='ltr'><strong><em>καὶ</em></strong></span> <span class='ocrx_word' id='word_1_114' title='bbox 1444 1178 1618 1241; x_wconf 85' lang='grc' dir='ltr'><strong><em>τάλλα</em></strong></span> <span class='ocrx_word' id='word_1_115' title='bbox 1639 1182 1788 1240; x_wconf 80' lang='grc' dir='ltr'><strong><em>οὕτω</em></strong></span> 
     </span>
     <span class='ocr_line' id='line_1_14' title="bbox 107 1267 1785 1346; baseline -0.009 -11"><span class='ocrx_word' id='word_1_116' title='bbox 107 1276 246 1335; x_wconf 85' lang='grc' dir='ltr'><strong><em>κατά</em></strong></span> <span class='ocrx_word' id='word_1_117' title='bbox 266 1275 368 1334; x_wconf 82' lang='grc' dir='ltr'><strong><em>τὸν</em></strong></span> <span class='ocrx_word' id='word_1_118' title='bbox 387 1275 563 1332; x_wconf 85' lang='grc' dir='ltr'><strong><em>αὐτὸν</em></strong></span> <span class='ocrx_word' id='word_1_119' title='bbox 580 1275 766 1345; x_wconf 83' lang='grc' dir='ltr'><strong><em>λόγον.</em></strong></span> <span class='ocrx_word' id='word_1_120' title='bbox 810 1270 1029 1346; x_wconf 87' lang='grc' dir='ltr'><strong><em>τροφὴν</em></strong></span> <span class='ocrx_word' id='word_1_121' title='bbox 1047 1270 1155 1343; x_wconf 85' lang='grc' dir='ltr'><strong><em>γάρ</em></strong></span> <span class='ocrx_word' id='word_1_122' title='bbox 1187 1269 1328 1326; x_wconf 82' lang='grc' dir='ltr'><strong><em>εἶναι</em></strong></span> <span class='ocrx_word' id='word_1_123' title='bbox 1346 1267 1407 1324; x_wconf 85' lang='grc' dir='ltr'><strong><em>τὸ</em></strong></span> <span class='ocrx_word' id='word_1_124' title='bbox 1435 1269 1690 1324; x_wconf 85' lang='grc' dir='ltr'><strong><em>ἐναντίον</em></strong></span> <span class='ocrx_word' id='word_1_125' title='bbox 1709 1271 1785 1340; x_wconf 76' lang='grc' dir='ltr'><strong><em>τῷ</em></strong></span> 
     </span>
     <span class='ocr_line' id='line_1_15' title="bbox 113 1347 1783 1434; baseline -0.008 -16"><span class='ocrx_word' id='word_1_126' title='bbox 113 1363 371 1434; x_wconf 75' lang='grc' dir='ltr'><strong><em>ἐναντίῳ·</em></strong></span> <span class='ocrx_word' id='word_1_127' title='bbox 407 1356 468 1414; x_wconf 84' lang='grc' dir='ltr'><strong><em>τὸ</em></strong></span> <span class='ocrx_word' id='word_1_128' title='bbox 488 1358 595 1428; x_wconf 84' lang='grc' dir='ltr'><strong><em>γὰρ</em></strong></span> <span class='ocrx_word' id='word_1_129' title='bbox 626 1379 823 1429; x_wconf 90' lang='grc' dir='ltr'><strong><em>ομοιον</em></strong></span> <span class='ocrx_word' id='word_1_130' title='bbox 840 1363 942 1412; x_wconf 86' lang='grc' dir='ltr'><strong><em>τοῦ</em></strong></span> <span class='ocrx_word' id='word_1_131' title='bbox 960 1353 1158 1426; x_wconf 89' lang='grc' dir='ltr'><strong><em>ὁμοίου</em></strong></span> <span class='ocrx_word' id='word_1_132' title='bbox 1177 1347 1388 1409; x_wconf 78' lang='grc' dir='ltr'><strong><em>οὐδὲν</em></strong></span> <span class='ocrx_word' id='word_1_133' title='bbox 1362 1349 1435 1407; x_wconf 86' lang='grc' dir='ltr'><strong><em>α“ν</em></strong></span> <span class='ocrx_word' id='word_1_134' title='bbox 1454 1349 1783 1406; x_wconf 83' lang='grc' dir='ltr'><strong><em>ἀπολαῦσαι.</em></strong></span> 
     </span>
     <span class='ocr_line' id='line_1_16' title="bbox 109 1433 1901 1513; baseline -0.007 -14"><span class='ocrx_word' id='word_1_135' title='bbox 109 1443 201 1499; x_wconf 79' lang='grc' dir='ltr'><strong><em>καὶ</em></strong></span> <span class='ocrx_word' id='word_1_136' title='bbox 219 1446 433 1513; x_wconf 84' lang='grc' dir='ltr'><strong><em>μέντοι,</em></strong></span> <span class='ocrx_word' id='word_1_137' title='bbox 474 1462 516 1495; x_wconf 87' lang='grc' dir='ltr'>ω</span> <span class='ocrx_word' id='word_1_138' title='bbox 539 1441 742 1510; x_wconf 81' lang='grc' dir='ltr'><strong><em>ἑταῖρε,</em></strong></span> <span class='ocrx_word' id='word_1_139' title='bbox 786 1439 877 1495; x_wconf 89' lang='grc' dir='ltr'><strong><em>καὶ</em></strong></span> <span class='ocrx_word' id='word_1_140' title='bbox 905 1436 1117 1509; x_wconf 80' lang='grc' dir='ltr'><strong><em>κομψὸς</em></strong></span> <span class='ocrx_word' id='word_1_141' title='bbox 1145 1434 1325 1492; x_wconf 80' lang='grc' dir='ltr'><strong><em>ἐδόκει</em></strong></span> <span class='ocrx_word' id='word_1_142' title='bbox 1345 1433 1483 1490; x_wconf 85' lang='grc' dir='ltr'><strong><em>εἶναι</em></strong></span> <span class='ocrx_word' id='word_1_143' title='bbox 1503 1438 1675 1489; x_wconf 89' lang='grc' dir='ltr'><strong><em>ταῦτα</em></strong></span> <span class='ocrx_word' id='word_1_144' title='bbox 1694 1433 1786 1489; x_wconf 82' lang='grc' dir='ltr'><strong><em>λε’-</em></strong></span> <span class='ocrx_word' id='word_1_145' title='bbox 1815 1451 1901 1497; x_wconf 76' lang='lat'><strong><em>216</em></strong></span> 
     </span>
     <span class='ocr_line' id='line_1_17' title="bbox 110 1513 1788 1596; baseline -0.007 -15"><span class='ocrx_word' id='word_1_146' title='bbox 110 1546 252 1596; x_wconf 83' lang='grc' dir='ltr'><strong><em>γων·</em></strong></span> <span class='ocrx_word' id='word_1_147' title='bbox 303 1517 369 1580; x_wconf 82' lang='grc' dir='ltr'><strong><em>εὖ</em></strong></span> <span class='ocrx_word' id='word_1_148' title='bbox 386 1521 495 1595; x_wconf 78' lang='grc' dir='ltr'><strong><em>γὰρ</em></strong></span> <span class='ocrx_word' id='word_1_149' title='bbox 516 1527 717 1593; x_wconf 82' lang='grc' dir='ltr'><strong><em>ἔλεγεν.</em></strong></span> <span class='ocrx_word' id='word_1_150' title='bbox 770 1518 905 1592; x_wconf 76' lang='grc' dir='ltr'><strong><em>ὑμῖν</em></strong></span> <span class='ocrx_word' id='word_1_151' title='bbox 926 1523 1012 1589; x_wconf 84' lang='grc' dir='ltr'><strong><em>δέ,</em></strong></span> <span class='ocrx_word' id='word_1_152' title='bbox 1048 1513 1122 1591; x_wconf 83' lang='grc' dir='ltr'><strong><em>ἦν</em></strong></span> <span class='ocrx_word' id='word_1_153' title='bbox 1141 1516 1192 1574; x_wconf 80' lang='grc' dir='ltr'><strong><em>δ’</em></strong></span> <span class='ocrx_word' id='word_1_154' title='bbox 1218 1517 1351 1588; x_wconf 76' lang='grc' dir='ltr'><strong><em>ἐγώ,</em></strong></span> <span class='ocrx_word' id='word_1_155' title='bbox 1390 1522 1505 1581; x_wconf 80' lang='grc' dir='ltr'><strong><em>πῶς</em></strong></span> <span class='ocrx_word' id='word_1_156' title='bbox 1526 1520 1681 1571; x_wconf 81' lang='grc' dir='ltr'><strong><em>δοκεῖ</em></strong></span> <span class='ocrx_word' id='word_1_157' title='bbox 1697 1514 1788 1570; x_wconf 90' lang='grc' dir='ltr'><strong><em>λε’-</em></strong></span> 
     </span>
     <span class='ocr_line' id='line_1_18' title="bbox 107 1595 1784 1678; baseline -0.007 -15"><span class='ocrx_word' id='word_1_158' title='bbox 107 1629 256 1678; x_wconf 86' lang='grc' dir='ltr'><strong><em>γειν;</em></strong></span> <span class='ocrx_word' id='word_1_159' title='bbox 295 1598 382 1662; x_wconf 85' lang='grc' dir='ltr'><strong><em>Εὖ</em></strong></span> <span class='ocrx_word' id='word_1_160' title='bbox 407 1626 498 1675; x_wconf 85' lang='grc' dir='ltr'><strong><em>γε,</em></strong></span> <span class='ocrx_word' id='word_1_161' title='bbox 535 1609 639 1676; x_wconf 84' lang='grc' dir='ltr'><strong><em>ἔφη</em></strong></span> <span class='ocrx_word' id='word_1_162' title='bbox 672 1602 701 1660; x_wconf 89' lang='lat'><strong><em>6</em></strong></span> <span class='ocrx_word' id='word_1_163' title='bbox 724 1605 1063 1670; x_wconf 83' lang='grc' dir='ltr'><strong><em>Μενέξενος,</em></strong></span> <span class='ocrx_word' id='word_1_164' title='bbox 1105 1599 1179 1666; x_wconf 69' lang='grc' dir='ltr'><strong><em>σός</em></strong></span> <span class='ocrx_word' id='word_1_165' title='bbox 1206 1621 1268 1670; x_wconf 91' lang='grc' dir='ltr'><strong><em>γε</em></strong></span> <span class='ocrx_word' id='word_1_166' title='bbox 1299 1595 1503 1654; x_wconf 83' lang='grc' dir='ltr'><strong><em>οὑτωσὶ</em></strong></span> <span class='ocrx_word' id='word_1_167' title='bbox 1534 1596 1784 1654; x_wconf 88' lang='grc' dir='ltr'><strong><em>ἀκοῦσαι.</em></strong></span> 
     </span>
     <span class='ocr_line' id='line_1_19' title="bbox 105 1678 1875 1760; baseline -0.006 -16"><span class='ocrx_word' id='word_1_168' title='bbox 105 1687 363 1760; x_wconf 70' lang='grc' dir='ltr'><strong><em>Φῶμεν”</em></strong></span> <span class='ocrx_word' id='word_1_169' title='bbox 326 1709 436 1757; x_wconf 88' lang='grc' dir='ltr'><strong><em>αρα</em></strong></span> <span class='ocrx_word' id='word_1_170' title='bbox 454 1687 514 1743; x_wconf 88' lang='grc' dir='ltr'><strong><em>τὸ</em></strong></span> <span class='ocrx_word' id='word_1_171' title='bbox 536 1689 789 1742; x_wconf 87' lang='grc' dir='ltr'><strong><em>ἐναντίον</em></strong></span> <span class='ocrx_word' id='word_1_172' title='bbox 806 1692 885 1760; x_wconf 77' lang='grc' dir='ltr'><strong><em>τῷ</em></strong></span> <span class='ocrx_word' id='word_1_173' title='bbox 906 1687 1136 1756; x_wconf 75' lang='grc' dir='ltr'><strong><em>ἐναντίῳ</em></strong></span> <span class='ocrx_word' id='word_1_174' title='bbox 1166 1683 1400 1754; x_wconf 89' lang='grc' dir='ltr'><strong><em>μάλιστα</em></strong></span> <span class='ocrx_word' id='word_1_175' title='bbox 1430 1685 1598 1751; x_wconf 85' lang='grc' dir='ltr'><strong><em>φίλον</em></strong></span> <span class='ocrx_word' id='word_1_176' title='bbox 1617 1678 1784 1735; x_wconf 88' lang='grc' dir='ltr'><strong><em>εἶναι·</em></strong></span> <span class='ocrx_word' id='word_1_177' title='bbox 1770 1702 1786 1746; x_wconf 83' lang='grc'><strong>;</strong></span> <span class='ocrx_word' id='word_1_178' title='bbox 1870 1699 1875 1705; x_wconf 68' lang='grc'><em>“</em></span> 
     </span>
     <span class='ocr_line' id='line_1_20' title="bbox 108 1743 1783 1840; baseline -0.005 -14"><span class='ocrx_word' id='word_1_179' title='bbox 108 1770 273 1826; x_wconf 88' lang='grc' dir='ltr'><strong><em>Πάνυ</em></strong></span> <span class='ocrx_word' id='word_1_180' title='bbox 290 1791 366 1840; x_wconf 87' lang='grc' dir='ltr'><strong><em>γε.</em></strong></span> <span class='ocrx_word' id='word_1_181' title='bbox 406 1767 566 1838; x_wconf 85' lang='grc' dir='ltr'><strong><em>Εἶεν,</em></strong></span> <span class='ocrx_word' id='word_1_182' title='bbox 587 1762 663 1840; x_wconf 81' lang='grc' dir='ltr'><strong><em>ἦν</em></strong></span> <span class='ocrx_word' id='word_1_183' title='bbox 681 1766 737 1823; x_wconf 81' lang='grc' dir='ltr'><strong><em>δ’</em></strong></span> <span class='ocrx_word' id='word_1_184' title='bbox 759 1743 891 1839; x_wconf 71' lang='grc' dir='ltr'><strong><em>ἐγάὶ·</em></strong></span> <span class='ocrx_word' id='word_1_185' title='bbox 931 1765 1035 1822; x_wconf 84' lang='grc' dir='ltr'><strong><em>οὐκ</em></strong></span> <span class='ocrx_word' id='word_1_186' title='bbox 1055 1763 1389 1833; x_wconf 88' lang='grc' dir='ltr'><strong><em>ἀλλόκοτον,</em></strong></span> <span class='ocrx_word' id='word_1_187' title='bbox 1413 1785 1454 1819; x_wconf 85' lang='grc' dir='ltr'><em>ω</em></span> <span class='ocrx_word' id='word_1_188' title='bbox 1437 1756 1783 1828; x_wconf 69' lang='grc' dir='ltr'><strong><em>ςΜενέξενες</em></strong></span> 
     </span>
     <span class='ocr_line' id='line_1_21' title="bbox 103 1840 1785 1923; baseline -0.006 -15"><span class='ocrx_word' id='word_1_189' title='bbox 103 1854 194 1908; x_wconf 81' lang='grc' dir='ltr'><strong><em>καὶ</em></strong></span> <span class='ocrx_word' id='word_1_190' title='bbox 214 1849 347 1923; x_wconf 82' lang='grc' dir='ltr'><strong><em>ἡμῖν</em></strong></span> <span class='ocrx_word' id='word_1_191' title='bbox 364 1848 540 1916; x_wconf 77' lang='grc' dir='ltr'><strong><em>εὐθὺς</em></strong></span> <span class='ocrx_word' id='word_1_192' title='bbox 559 1849 789 1921; x_wconf 78' lang='grc' dir='ltr'><strong><em>ἅσμενοι</em></strong></span> <span class='ocrx_word' id='word_1_193' title='bbox 810 1849 1241 1921; x_wconf 82' lang='grc' dir='ltr'><strong><em>ἐπιπηδήσονται</em></strong></span> <span class='ocrx_word' id='word_1_194' title='bbox 1257 1840 1414 1903; x_wconf 85' lang='grc' dir='ltr'><strong><em>οὗτοι</em></strong></span> <span class='ocrx_word' id='word_1_195' title='bbox 1434 1848 1491 1902; x_wconf 82' lang='lat' dir='ltr'><strong><em>oc</em></strong></span> <span class='ocrx_word' id='word_1_196' title='bbox 1501 1844 1785 1915; x_wconf 88' lang='grc' dir='ltr'><strong><em>πάνσοφοι</em></strong></span> 
     </span>
     <span class='ocr_line' id='line_1_22' title="bbox 102 1927 1785 2004; baseline -0.005 -15"><span class='ocrx_word' id='word_1_197' title='bbox 102 1931 330 2004; x_wconf 71' lang='grc' dir='ltr'><strong><em>ἄνδρες,</em></strong></span> <span class='ocrx_word' id='word_1_198' title='bbox 368 1936 426 1989; x_wconf 77' lang='grc' dir='ltr'><strong><em>οἱ</em></strong></span> <span class='ocrx_word' id='word_1_199' title='bbox 440 1930 806 2003; x_wconf 87' lang='grc' dir='ltr'><strong><em>ἀντιλογικοί,</em></strong></span> <span class='ocrx_word' id='word_1_200' title='bbox 846 1932 937 1987; x_wconf 86' lang='grc' dir='ltr'><strong><em>καὶ</em></strong></span> <span class='ocrx_word' id='word_1_201' title='bbox 954 1931 1247 2003; x_wconf 86' lang='grc' dir='ltr'><strong><em>ἐρήσονται</em></strong></span> <span class='ocrx_word' id='word_1_202' title='bbox 1266 1934 1318 1986; x_wconf 86' lang='grc' dir='ltr'><strong><em>εί</em></strong></span> <span class='ocrx_word' id='word_1_203' title='bbox 1328 1927 1432 1985; x_wconf 90' lang='grc' dir='ltr'><strong><em>οὐκ</em></strong></span> <span class='ocrx_word' id='word_1_204' title='bbox 1453 1927 1785 1984; x_wconf 78' lang='grc' dir='ltr'><strong><em>ἐναντιώτα-</em></strong></span> 
     </span>
     <span class='ocr_line' id='line_1_23' title="bbox 107 2006 1846 2087; baseline -0.002 -17"><span class='ocrx_word' id='word_1_205' title='bbox 107 2036 203 2071; x_wconf 85' lang='grc' dir='ltr'><strong><em>τον</em></strong></span> <span class='ocrx_word' id='word_1_206' title='bbox 222 2019 397 2086; x_wconf 76' lang='grc' dir='ltr'><strong><em>ἔχθρα</em></strong></span> <span class='ocrx_word' id='word_1_207' title='bbox 416 2019 596 2087; x_wconf 87' lang='grc' dir='ltr'><strong><em>φιλία;</em></strong></span> <span class='ocrx_word' id='word_1_208' title='bbox 646 2008 729 2079; x_wconf 85' lang='grc' dir='ltr'><strong><em>οἶς</em></strong></span> <span class='ocrx_word' id='word_1_209' title='bbox 758 2018 812 2069; x_wconf 91' lang='grc' dir='ltr'><strong><em>τί</em></strong></span> <span class='ocrx_word' id='word_1_210' title='bbox 835 2010 1323 2084; x_wconf 83' lang='grc' dir='ltr'><strong><em>ἀποκρινούμεθα;</em></strong></span> <span class='ocrx_word' id='word_1_211' title='bbox 1360 2006 1396 2081; x_wconf 82' lang='grc' dir='ltr'><em>ἢ</em></span> <span class='ocrx_word' id='word_1_212' title='bbox 1426 2007 1531 2066; x_wconf 82' lang='grc' dir='ltr'><strong><em>οὐκ</em></strong></span> <span class='ocrx_word' id='word_1_213' title='bbox 1565 2006 1782 2079; x_wconf 80' lang='grc' dir='ltr'><strong><em>ἀνάγκη</em></strong></span> <span class='ocrx_word' id='word_1_214' title='bbox 1813 2025 1846 2066; x_wconf 92' lang='grc' dir='ltr'><strong>Β</strong></span> 
     </span>
     <span class='ocr_line' id='line_1_24' title="bbox 102 2087 1784 2168; baseline -0.004 -17"><span class='ocrx_word' id='word_1_215' title='bbox 102 2093 453 2168; x_wconf 81' lang='grc' dir='ltr'><strong><em>ὁμολογετν”</em></strong></span> <span class='ocrx_word' id='word_1_216' title='bbox 421 2119 505 2154; x_wconf 87' lang='grc' dir='ltr'><strong><em>οτι</em></strong></span> <span class='ocrx_word' id='word_1_217' title='bbox 537 2094 724 2167; x_wconf 83' lang='grc' dir='ltr'><strong><em>ἀληθῆ</em></strong></span> <span class='ocrx_word' id='word_1_218' title='bbox 752 2097 1037 2167; x_wconf 86' lang='grc' dir='ltr'><strong><em>λε’γουσιν;</em></strong></span> <span class='ocrx_word' id='word_1_219' title='bbox 1066 2094 1317 2165; x_wconf 85' lang='grc' dir='ltr'><strong><em>Ἀνάγκη.</em></strong></span> <span class='ocrx_word' id='word_1_220' title='bbox 1370 2087 1473 2161; x_wconf 89' lang='grc' dir='ltr'><strong><em>Αρ’</em></strong></span> <span class='ocrx_word' id='word_1_221' title='bbox 1499 2112 1632 2161; x_wconf 90' lang='grc' dir='ltr'><strong><em>ουν,</em></strong></span> <span class='ocrx_word' id='word_1_222' title='bbox 1672 2090 1784 2162; x_wconf 82' lang='grc' dir='ltr'><strong><em>φή-</em></strong></span> 
     </span>
     <span class='ocr_line' id='line_1_25' title="bbox 25 2172 1782 2252; baseline -0.003 -18"><span class='ocrx_word' id='word_1_223' title='bbox 25 2212 28 2218; x_wconf 92' lang='grc'>-</span> <span class='ocrx_word' id='word_1_224' title='bbox 105 2195 295 2247; x_wconf 90' lang='grc' dir='ltr'><strong><em>σουσι,</em></strong></span> <span class='ocrx_word' id='word_1_225' title='bbox 331 2176 393 2234; x_wconf 84' lang='grc' dir='ltr'><strong><em>τὸ</em></strong></span> <span class='ocrx_word' id='word_1_226' title='bbox 416 2176 624 2249; x_wconf 80' lang='grc' dir='ltr'><strong><em>ἐχθρὸν</em></strong></span> <span class='ocrx_word' id='word_1_227' title='bbox 652 2184 731 2252; x_wconf 74' lang='grc' dir='ltr'><strong><em>τῷ</em></strong></span> <span class='ocrx_word' id='word_1_228' title='bbox 759 2183 902 2251; x_wconf 88' lang='grc' dir='ltr'><strong><em>φίλῳ</em></strong></span> <span class='ocrx_word' id='word_1_229' title='bbox 935 2172 1156 2247; x_wconf 77' lang='grc' dir='ltr'><strong><em>φίλονῆ</em></strong></span> <span class='ocrx_word' id='word_1_230' title='bbox 1185 2173 1245 2231; x_wconf 85' lang='grc' dir='ltr'><strong><em>τὸ</em></strong></span> <span class='ocrx_word' id='word_1_231' title='bbox 1270 2179 1437 2246; x_wconf 86' lang='grc' dir='ltr'><strong><em>φίλον</em></strong></span> <span class='ocrx_word' id='word_1_232' title='bbox 1461 2195 1536 2247; x_wconf 87' lang='grc' dir='ltr'><strong><em>τῳ</em></strong></span> <span class='ocrx_word' id='word_1_233' title='bbox 1568 2175 1782 2247; x_wconf 73' lang='grc' dir='ltr'><strong><em>ἐχθρῷς</em></strong></span> 
     </span>
     <span class='ocr_line' id='line_1_26' title="bbox 103 2236 1784 2332; baseline -0.004 -16"><span class='ocrx_word' id='word_1_234' title='bbox 103 2257 410 2331; x_wconf 79' lang='grc' dir='ltr'><strong><em>Οὐδέτερα,</em></strong></span> <span class='ocrx_word' id='word_1_235' title='bbox 434 2264 555 2331; x_wconf 79' lang='grc' dir='ltr'><strong><em>ἔφη.</em></strong></span> <span class='ocrx_word' id='word_1_236' title='bbox 594 2236 752 2316; x_wconf 82' lang='grc' dir='ltr'><strong><em>Ἀλλά</em></strong></span> <span class='ocrx_word' id='word_1_237' title='bbox 773 2258 833 2316; x_wconf 84' lang='grc' dir='ltr'><strong><em>τὸ</em></strong></span> <span class='ocrx_word' id='word_1_238' title='bbox 856 2263 1070 2315; x_wconf 80' lang='grc' dir='ltr'><strong><em>δίκαιον</em></strong></span> <span class='ocrx_word' id='word_1_239' title='bbox 1089 2264 1163 2332; x_wconf 75' lang='grc' dir='ltr'><strong><em>τῷ</em></strong></span> <span class='ocrx_word' id='word_1_240' title='bbox 1187 2252 1445 2332; x_wconf 78' lang='grc' dir='ltr'><strong><em>ἀδίκῳ,’“</em></strong></span> <span class='ocrx_word' id='word_1_241' title='bbox 1407 2280 1441 2328; x_wconf 93' lang='grc' dir='ltr'><strong><em>η</em></strong></span> <span class='ocrx_word' id='word_1_242' title='bbox 1467 2255 1528 2312; x_wconf 86' lang='grc' dir='ltr'><strong><em>τὸ</em></strong></span> <span class='ocrx_word' id='word_1_243' title='bbox 1551 2262 1784 2328; x_wconf 89' lang='grc' dir='ltr'><strong><em>σωφρον</em></strong></span> 
     </span>
     <span class='ocr_line' id='line_1_27' title="bbox 25 2336 1787 2415; baseline -0.002 -18"><span class='ocrx_word' id='word_1_244' title='bbox 25 2397 28 2405; x_wconf 77' lang='grc'><strong><em>,</em></strong></span> <span class='ocrx_word' id='word_1_245' title='bbox 107 2347 179 2415; x_wconf 80' lang='grc' dir='ltr'><strong><em>τῷ</em></strong></span> <span class='ocrx_word' id='word_1_246' title='bbox 199 2340 517 2415; x_wconf 83' lang='grc' dir='ltr'><strong><em>ἀκολάστῳ,</em></strong></span> <span class='ocrx_word' id='word_1_247' title='bbox 556 2336 671 2411; x_wconf 82' lang='grc' dir='ltr'><strong><em>ἢτό</em></strong></span> <span class='ocrx_word' id='word_1_248' title='bbox 702 2339 925 2411; x_wconf 82' lang='grc' dir='ltr'><strong><em>ἀγαθὸν</em></strong></span> <span class='ocrx_word' id='word_1_249' title='bbox 952 2347 1030 2415; x_wconf 79' lang='grc' dir='ltr'><strong><em>τῷ</em></strong></span> <span class='ocrx_word' id='word_1_250' title='bbox 1048 2348 1201 2414; x_wconf 76' lang='grc' dir='ltr'><strong><em>κακῷ</em></strong></span> <span class='ocrx_word' id='word_1_251' title='bbox 1215 2364 1229 2408; x_wconf 84' lang='grc'><strong>;</strong></span> <span class='ocrx_word' id='word_1_252' title='bbox 1270 2337 1391 2397; x_wconf 84' lang='grc' dir='ltr'><strong><em>Οὐκ</em></strong></span> <span class='ocrx_word' id='word_1_253' title='bbox 1422 2337 1494 2395; x_wconf 75' lang='grc' dir='ltr'><strong><em>ἄν</em></strong></span> <span class='ocrx_word' id='word_1_254' title='bbox 1517 2361 1610 2411; x_wconf 90' lang='grc' dir='ltr'><strong><em>μοι</em></strong></span> <span class='ocrx_word' id='word_1_255' title='bbox 1630 2343 1787 2396; x_wconf 78' lang='grc' dir='ltr'><strong><em>δοκεῖ</em></strong></span> 
     </span>
     <span class='ocr_line' id='line_1_28' title="bbox 100 2417 1780 2494; baseline -0.001 -16"><span class='ocrx_word' id='word_1_256' title='bbox 100 2420 276 2487; x_wconf 78' lang='grc' dir='ltr'><strong><em>οὕτως</em></strong></span> <span class='ocrx_word' id='word_1_257' title='bbox 295 2428 451 2494; x_wconf 80' lang='grc' dir='ltr'><strong><em>ἔχειν.</em></strong></span> <span class='ocrx_word' id='word_1_258' title='bbox 503 2420 662 2477; x_wconf 85' lang='grc' dir='ltr'><strong><em>Ἀλλά</em></strong></span> <span class='ocrx_word' id='word_1_259' title='bbox 682 2425 895 2493; x_wconf 80' lang='grc' dir='ltr'><strong><em>μέντοι,</em></strong></span> <span class='ocrx_word' id='word_1_260' title='bbox 927 2417 999 2494; x_wconf 81' lang='grc' dir='ltr'><strong><em>ἦν</em></strong></span> <span class='ocrx_word' id='word_1_261' title='bbox 1019 2421 1070 2478; x_wconf 81' lang='lat'><strong><em>6&#39;</em></strong></span> <span class='ocrx_word' id='word_1_262' title='bbox 1095 2422 1201 2494; x_wconf 74' lang='grc' dir='ltr'><strong><em>ἐγώ</em></strong></span> <span class='ocrx_word' id='word_1_263' title='bbox 1214 2464 1229 2493; x_wconf 97' lang='grc'><strong><em>,</em></strong></span> <span class='ocrx_word' id='word_1_264' title='bbox 1268 2430 1420 2491; x_wconf 74' lang='grc' dir='ltr'><strong><em>εἴπερ</em></strong></span> <span class='ocrx_word' id='word_1_265' title='bbox 1438 2443 1499 2492; x_wconf 88' lang='grc' dir='ltr'><strong><em>γε</em></strong></span> <span class='ocrx_word' id='word_1_266' title='bbox 1518 2419 1656 2478; x_wconf 79' lang='grc' dir='ltr'><strong><em>κατὰ</em></strong></span> <span class='ocrx_word' id='word_1_267' title='bbox 1677 2421 1780 2493; x_wconf 88' lang='grc' dir='ltr'><strong><em>τὴν</em></strong></span> 
     </span>
     <span class='ocr_line' id='line_1_29' title="bbox 26 2502 1779 2587; baseline -0.001 -27"><span class='ocrx_word' id='word_1_268' title='bbox 26 2583 28 2587; x_wconf 70' lang='lat'>‚</span> <span class='ocrx_word' id='word_1_269' title='bbox 99 2505 455 2577; x_wconf 83' lang='grc' dir='ltr'><strong><em>ἐναντιότητά</em></strong></span> <span class='ocrx_word' id='word_1_270' title='bbox 477 2510 532 2560; x_wconf 87' lang='grc' dir='ltr'><strong><em>τί</em></strong></span> <span class='ocrx_word' id='word_1_271' title='bbox 545 2526 619 2577; x_wconf 88' lang='grc' dir='ltr'><strong><em>τῳ</em></strong></span> <span class='ocrx_word' id='word_1_272' title='bbox 641 2511 823 2579; x_wconf 87' lang='grc' dir='ltr'><strong><em>[φίλῳ]</em></strong></span> <span class='ocrx_word' id='word_1_273' title='bbox 846 2510 1015 2575; x_wconf 85' lang='grc' dir='ltr'><strong><em>φίλον</em></strong></span> <span class='ocrx_word' id='word_1_274' title='bbox 1043 2507 1191 2561; x_wconf 86' lang='grc' dir='ltr'><strong><em>ἐστίν</em></strong></span> <span class='ocrx_word' id='word_1_275' title='bbox 1206 2547 1219 2573; x_wconf 92' lang='grc'><strong><em>,</em></strong></span> <span class='ocrx_word' id='word_1_276' title='bbox 1258 2502 1473 2575; x_wconf 86' lang='grc' dir='ltr'><strong><em>ἀνάγκη</em></strong></span> <span class='ocrx_word' id='word_1_277' title='bbox 1496 2505 1587 2560; x_wconf 84' lang='grc' dir='ltr'><strong><em>καὶ</em></strong></span> <span class='ocrx_word' id='word_1_278' title='bbox 1605 2509 1779 2559; x_wconf 84' lang='grc' dir='ltr'><strong><em>ταῦτα</em></strong></span> 
     </span>
     <span class='ocr_line' id='line_1_30' title="bbox 26 2583 1779 2660; baseline 0 -18"><span class='ocrx_word' id='word_1_279' title='bbox 26 2589 27 2592; x_wconf 66' lang='grc'>’</span> <span class='ocrx_word' id='word_1_280' title='bbox 100 2590 235 2656; x_wconf 85' lang='grc' dir='ltr'><strong><em>φίλα</em></strong></span> <span class='ocrx_word' id='word_1_281' title='bbox 255 2584 408 2643; x_wconf 81' lang='grc' dir='ltr'><strong><em>εἶναι.</em></strong></span> <span class='ocrx_word' id='word_1_282' title='bbox 460 2585 710 2658; x_wconf 77' lang='grc' dir='ltr'><strong><em>Ἀνάγκη.</em></strong></span> <span class='ocrx_word' id='word_1_283' title='bbox 767 2586 911 2643; x_wconf 80' lang='grc' dir='ltr'><strong><em>Οὔτε</em></strong></span> <span class='ocrx_word' id='word_1_284' title='bbox 938 2586 1045 2655; x_wconf 80' lang='grc' dir='ltr'><strong><em>ἀρα</em></strong></span> <span class='ocrx_word' id='word_1_285' title='bbox 1066 2584 1126 2642; x_wconf 88' lang='grc' dir='ltr'>τό</span> <span class='ocrx_word' id='word_1_286' title='bbox 1146 2583 1342 2657; x_wconf 84' lang='grc' dir='ltr'><strong><em>ὅμοιον</em></strong></span> <span class='ocrx_word' id='word_1_287' title='bbox 1359 2593 1437 2652; x_wconf 74' lang='grc' dir='ltr'><strong><em>τῷ</em></strong></span> <span class='ocrx_word' id='word_1_288' title='bbox 1457 2584 1628 2660; x_wconf 80' lang='grc' dir='ltr'><strong><em>ὁμοίῳ</em></strong></span> <span class='ocrx_word' id='word_1_289' title='bbox 1650 2585 1779 2642; x_wconf 81' lang='grc' dir='ltr'><strong><em>οὔτε</em></strong></span> 
     </span>
     <span class='ocr_line' id='line_1_31' title="bbox 0 2665 1354 2743; baseline 0.001 -20"><span class='ocrx_word' id='word_1_290' title='bbox 0 2682 4 2699; x_wconf 85' lang='grc'><em>·</em></span> <span class='ocrx_word' id='word_1_291' title='bbox 97 2665 158 2723; x_wconf 83' lang='grc' dir='ltr'><strong><em>τὸ</em></strong></span> <span class='ocrx_word' id='word_1_292' title='bbox 179 2668 432 2725; x_wconf 80' lang='grc' dir='ltr'><strong><em>ἐναντίον</em></strong></span> <span class='ocrx_word' id='word_1_293' title='bbox 451 2676 527 2742; x_wconf 78' lang='grc' dir='ltr'><strong><em>τῷ</em></strong></span> <span class='ocrx_word' id='word_1_294' title='bbox 549 2671 777 2743; x_wconf 77' lang='grc' dir='ltr'><strong><em>ἐναντίῳ</em></strong></span> <span class='ocrx_word' id='word_1_295' title='bbox 799 2675 978 2739; x_wconf 87' lang='grc' dir='ltr'><strong><em>φίλον.</em></strong></span> <span class='ocrx_word' id='word_1_296' title='bbox 1022 2667 1140 2726; x_wconf 82' lang='grc' dir='ltr'><strong><em>Οὐκ</em></strong></span> <span class='ocrx_word' id='word_1_297' title='bbox 1160 2673 1354 2726; x_wconf 80' lang='grc' dir='ltr'><strong><em>ἔοικεν.</em></strong></span> 
     </span>
     <span class='ocr_line' id='line_1_32' title="bbox 239 2749 1835 2823; baseline 0 -17"><span class='ocrx_word' id='word_1_298' title='bbox 239 2755 364 2806; x_wconf 84' lang='lat' dir='ltr'><strong><em>xm.</em></strong></span> <span class='ocrx_word' id='word_1_299' title='bbox 425 2749 541 2806; x_wconf 78' lang='grc' dir='ltr'><strong><em>Ἔτι</em></strong></span> <span class='ocrx_word' id='word_1_300' title='bbox 563 2752 620 2806; x_wconf 78' lang='grc' dir='ltr'><strong><em>δὲ</em></strong></span> <span class='ocrx_word' id='word_1_301' title='bbox 641 2753 730 2806; x_wconf 84' lang='grc' dir='ltr'><strong><em>καὶ</em></strong></span> <span class='ocrx_word' id='word_1_302' title='bbox 750 2751 873 2807; x_wconf 78' lang='grc' dir='ltr'><strong><em>τόδε</em></strong></span> <span class='ocrx_word' id='word_1_303' title='bbox 896 2750 1257 2822; x_wconf 69' lang='grc' dir='ltr'><strong><em>σκεψοίμεθα,</em></strong></span> <span class='ocrx_word' id='word_1_304' title='bbox 1295 2750 1366 2823; x_wconf 83' lang='grc' dir='ltr'><strong><em>μὴ</em></strong></span> <span class='ocrx_word' id='word_1_305' title='bbox 1391 2749 1531 2823; x_wconf 74' lang='grc' dir='ltr'><strong><em>ἡμᾶς</em></strong></span> <span class='ocrx_word' id='word_1_306' title='bbox 1552 2751 1772 2807; x_wconf 85' lang='grc' dir='ltr'><strong><em>λανθά-</em></strong></span> <span class='ocrx_word' id='word_1_307' title='bbox 1804 2755 1835 2799; x_wconf 86' lang='lat' dir='ltr'>C</span> 
     </span>
     <span class='ocr_line' id='line_1_33' title="bbox 28 2829 1774 2905; baseline 0.001 -18"><span class='ocrx_word' id='word_1_308' title='bbox 28 2830 29 2849; x_wconf 77' lang='lat'>³</span> <span class='ocrx_word' id='word_1_309' title='bbox 100 2852 182 2887; x_wconf 78' lang='grc' dir='ltr'><strong><em>νει</em></strong></span> <span class='ocrx_word' id='word_1_310' title='bbox 202 2831 262 2887; x_wconf 83' lang='grc' dir='ltr'><strong><em>τὸ</em></strong></span> <span class='ocrx_word' id='word_1_311' title='bbox 283 2837 450 2903; x_wconf 83' lang='grc' dir='ltr'><strong><em>φίλον</em></strong></span> <span class='ocrx_word' id='word_1_312' title='bbox 470 2829 544 2897; x_wconf 74' lang='grc' dir='ltr'><strong><em>ὥς</em></strong></span> <span class='ocrx_word' id='word_1_313' title='bbox 564 2830 788 2905; x_wconf 76' lang='grc' dir='ltr'><strong><em>ἀληθῶς</em></strong></span> <span class='ocrx_word' id='word_1_314' title='bbox 807 2831 973 2891; x_wconf 73' lang='grc' dir='ltr'><strong><em>οὐδὲν</em></strong></span> <span class='ocrx_word' id='word_1_315' title='bbox 995 2834 1210 2890; x_wconf 83' lang='grc' dir='ltr'><strong><em>τούτων</em></strong></span> <span class='ocrx_word' id='word_1_316' title='bbox 1237 2832 1300 2889; x_wconf 76' lang='grc' dir='ltr'><strong><em>ὅν</em></strong></span> <span class='ocrx_word' id='word_1_317' title='bbox 1317 2877 1332 2903; x_wconf 93' lang='grc'><strong><em>,</em></strong></span> <span class='ocrx_word' id='word_1_318' title='bbox 1375 2832 1511 2890; x_wconf 85' lang='grc' dir='ltr'><strong><em>ἀλλά</em></strong></span> <span class='ocrx_word' id='word_1_319' title='bbox 1545 2842 1603 2890; x_wconf 87' lang='grc' dir='ltr'><strong><em>τό</em></strong></span> <span class='ocrx_word' id='word_1_320' title='bbox 1640 2834 1774 2905; x_wconf 81' lang='grc' dir='ltr'><strong><em>μήτε</em></strong></span> 
     </span>
    </p>
   </div>
   <div class='ocr_carea' id='block_1_3' title="bbox 0 0 35 3094">
    <p class='ocr_par' dir='ltr' id='par_1_3' title="bbox 0 0 35 3094">
     <span class='ocr_line' id='line_1_34' title="bbox 0 0 35 3094; baseline 0 0"><span class='ocrx_word' id='word_1_321' title='bbox 0 0 35 3094; x_wconf 95' lang='lat' dir='ltr'><strong><em> </em></strong></span> 
     </span>
    </p>
   </div>
  </div>
 </body>
</html>
