2020 3094
257 183 359 237 146
461 207 468 209 “
844 186 1325 235 ΠΛΑΤΩΝΟΣ
1873 194 1932 237 58

258 317 643 373 ἐπακούσωσιν
671 315 855 388 ἡμῶν;
885 317 1053 372 Πάνυ
1072 317 1175 387 μὲν
1194 311 1325 388 οὖν,
1365 323 1468 390 ἔφη
1487 317 1516 374 ὁ
1537 319 1927 391 Πρωταγόρας.

261 400 549 456 Βούλεσθε
569 392 701 468 οὖν,
735 396 763 453 ὁ
783 399 1024 462 Καλλίας
1043 404 1167 470 ἔφη,
1189 404 1482 470 συνέδριον
1501 402 1927 457 κατασκευάσω-

258 505 375 553 μεν,
396 486 488 537 ἵνα
501 481 695 546 καθιζό
699 501 855 551 μενοι
867 481 1197 551 διαλέγησθε
1210 507 1225 550 ;
1241 481 1450 538 Ἐδόκει
1461 491 1655 554 χρῆναι
1669 505 1680 516 ·
1701 483 1928 555 ἄσμενοι

259 564 317 620 δὲ
353 564 555 628 πάντες
589 560 766 635 ἡμεῖς,
810 559 881 626 ὡς
915 560 1284 633 ἀκουσόμενοι
1321 562 1545 634 ἀνδρῶν
1581 571 1801 635 σοφῶν,
1838 567 1924 619 καὶ

258 645 418 703 αὐτοί
431 668 489 702 τε
502 645 923 717 ἀναλαβόμενοι
939 651 1054 700 τῶν
1071 646 1308 716 βάθρων
1325 649 1416 702 καὶ
1434 653 1549 702 ταῖν
1570 651 1779 702 κλινῶν
1796 668 1928 701 κατ--

260 729 624 800 εσκευάζομεν
656 728 802 798 παρὰ
839 735 918 802 τῷ
957 726 1134 800 Ἱππίᾳ
1150 750 1161 760 ·
1222 731 1336 784 ἐκεῖ
1365 727 1471 799 γάρ
1510 733 1828 799 προϋπῆρχε
1862 726 1928 782 τὰ

199 815 228 855 Ε
260 811 466 882 βάθρα.
503 813 564 867 ἐν
595 811 653 866 δὲ
681 810 857 881 τούτῳ
886 816 1112 880 Κριτίας
1138 831 1196 864 τε
1225 811 1316 865 καὶ
1347 807 1690 882 Ἀλκιβιάδης
1726 808 1930 881 ἡκέτην

258 893 456 964 ἄγοντε
475 890 576 948 τὸν
594 892 905 964 Πρόδικον,
948 887 1356 963 ἀναστήσαντες
1384 895 1444 948 ἐκ
1465 899 1561 963 τῆς
1579 898 1792 964 κλίνης,
1838 895 1929 947 καὶ

257 976 386 1040 τοὺς
405 973 538 1046 μετὰ
558 982 660 1030 τοῦ
678 978 976 1041 Προδίκου.

399 1064 484 1113 ΙΧ.
551 1055 695 1112 Ἐπεὶ
725 1055 783 1111 δὲ
803 1055 1005 1120 πάντες
1026 1056 1539 1127 συνεκαθεζόμεθα,
1577 1053 1605 1111 ὁ
1626 1055 1932 1127 Πρωταγό-

260 1162 374 1211 ρας,
395 1146 525 1194 Νῦν
549 1139 614 1209 δὴ
635 1138 722 1207 ἄν,
745 1142 867 1209 ἔφη,
889 1141 1082 1209 λε’γοις,
1105 1132 1149 1193 ὦ
1166 1139 1477 1210 Σώκρατες,
1499 1137 1682 1209 ἐπειδὴ
1707 1141 1795 1194 καὶ
1816 1142 1929 1194 οἵδε

260 1222 495 1291 πάρεισι,
516 1222 640 1290 περὶ
660 1213 740 1275 ὦν
758 1217 949 1290 ὀλίγον
967 1221 1240 1292 πρότερον
1258 1227 1454 1292 μνείαν
1473 1224 1665 1277 ἐποιοῦ
1683 1220 1820 1293 πρὸς
1838 1223 1930 1291 ἐμὲ

260 1301 400 1374 ὑπὲρ
431 1309 531 1357 τοῦ
557 1308 869 1358 νεανίσκου.
910 1305 999 1359 καὶ
1026 1302 1130 1374 ἐγώ
1159 1302 1315 1360 εἷπον
1333 1302 1417 1360 ὅτι
1429 1303 1500 1360 ‘H
1512 1303 1652 1375 αὐτή
1677 1327 1771 1375 μοι
1789 1301 1928 1374 ἀρχή

148 1394 231 1439 318
259 1388 433 1455 ἐστιν,
457 1378 501 1439 ὦ
518 1385 863 1455 Πρωταγόρα
877 1429 891 1457 ,
914 1383 1053 1458 ἤπερ
1071 1386 1221 1457 ἄρτι,
1241 1389 1364 1456 περὶ
1384 1379 1464 1442 οἷν
1482 1384 1778 1457 ἀφικόμην.
1817 1383 1931 1441 Ἱπ-
1992 1435 1995 1438 .
2015 1379 2020 1422 3

261 1469 540 1539 ποκράτης
567 1467 674 1539 γὰρ
697 1466 731 1522 ὅ
735 1472 794 1523 δε
816 1468 1074 1539 τυγχάνει
1093 1471 1154 1524 ἐν
1172 1471 1441 1544 ἐπιθυμίᾳ
1462 1466 1541 1525 ὢν
1560 1475 1655 1539 τῆς
1675 1473 1774 1539 σῆς
1792 1484 1928 1523 συν·

259 1557 472 1615 ουσίας·
509 1550 542 1606 ὅ
571 1574 622 1605 τι
642 1545 746 1606 οὖν
771 1549 922 1624 αὐτῷ
954 1548 1315 1622 ἀποβήσεται,
1354 1551 1452 1606 ἐάν
1471 1567 1558 1606 σοι
1578 1557 1737 1624 συνῇ,
1762 1547 1931 1622 ἡδέως
1980 1542 2007 1626 J*

260 1631 332 1688 ἅν
368 1651 504 1704 φησι
533 1637 832 1689 πυθέσθαι.
876 1641 1137 1698 τοσοῦτος
1155 1631 1187 1688 ὅ
1205 1655 1266 1703 γε
1294 1631 1553 1704 ἡμέτερος
1570 1632 1746 1702 λόγος.
1786 1630 1930 1687 ὑπο-
1979 1699 1981 1701 ¹

262 1714 449 1789 λαβὼν
477 1710 582 1771 οὖν
602 1714 630 1771 ὁ
649 1716 1024 1787 Πρωταγόρας
1044 1714 1194 1771 εἶπεν
1209 1738 1219 1748 ·
1250 1710 1315 1771 Ὦ
1332 1721 1583 1771 νεανίσκε
1597 1757 1612 1785 ,
1648 1718 1797 1770 ἔσται
1817 1719 1931 1769 τοί-

265 1819 374 1853 νυν
394 1817 482 1852 σοι
496 1841 508 1865 ,
531 1796 626 1852 ἐὰν
645 1800 762 1868 ἐμοὶ
784 1806 980 1870 συνῇς,
1003 1792 1038 1871 ᾗ
1062 1795 1133 1852 ἀν
1150 1796 1327 1871 ἡμέρᾳ
1346 1800 1462 1868 ἐμοὶ
1487 1797 1753 1867 συγγένῃ,
1774 1793 1929 1851 ἀπιέ-
1979 1810 1982 1811 ’

262 1902 355 1935 ναι
383 1884 568 1935 οἴκαδε
596 1886 833 1951 βελτίονι
860 1881 1140 1950 γεγονότι,
1178 1883 1268 1935 καὶ
1297 1882 1358 1935 ἐν
1386 1886 1452 1952 τῇ
1481 1879 1741 1951 ὑστεραίᾳ
1759 1877 1930 1933 ταύτὰ

261 1970 432 2017 ταῦτα
447 1985 457 1993 ·
490 1964 580 2018 καὶ
603 1962 830 2033 ἑκάστης
848 1960 1050 2034 ἡμέρας
1073 1961 1157 2018 ἀεὶ
1177 1963 1263 2018 ἐπὶ
1281 1960 1342 2017 τὸ
1364 1963 1582 2033 βέλτιον
1602 1960 1924 2016 ἐπιδιδόναι.

261 2046 353 2100 καὶ
373 2043 477 2114 ἐγώ
499 2042 739 2109 ἀκούσας
759 2043 938 2099 εἶπον·
968 2038 1034 2099 Ὦ
1052 2042 1396 2115 Πρωταγόρα
1413 2085 1426 2111 ,
1455 2047 1618 2098 τοῦτο
1640 2046 1741 2113 μὲν
1764 2041 1928 2098 οὐδὲν
1973 2067 1975 2072 ’

263 2124 595 2196 θαυμαστὸν
614 2129 812 2196 λέγεις,
834 2124 972 2182 ἀλλὰ
993 2126 1164 2195 εἰκός,
1197 2128 1313 2181 ἐπεὶ
1332 2122 1438 2180 κάν
1458 2125 1547 2196 σύ,
1567 2129 1761 2193 καίπερ
1778 2131 1931 2195 τηλι-

265 2213 464 2271 κοῦτος
498 2204 578 2262 ὢν
606 2210 695 2263 καὶ
716 2207 861 2263 οὕτω
882 2210 1085 2280 σοφός,
1109 2217 1163 2265 εἴ
1174 2214 1253 2274 τίς
1278 2226 1338 2263 σε
1360 2208 1628 2274 διδάξειεν
1653 2206 1683 2263 ὃ
1701 2206 1773 2277 μὴ
1795 2229 1931 2278 τυγ-
1968 2256 1969 2259 ,

264 2288 448 2360 χάνεις
469 2290 851 2360 ἐπιστάμενος,
896 2295 1127 2362 βελτίων
1145 2289 1217 2347 ἄν
1234 2297 1416 2363 γένοιο
1434 2313 1445 2323 ·
1483 2289 1622 2347 ἀλλὰ
1640 2289 1712 2361 μὴ
1734 2289 1926 2360 οὕτως,
1967 2287 1976 2297 ”

263 2370 387 2427 ἀλλ’
414 2370 595 2441 ὥσπερ
616 2368 688 2426 ἀν
708 2377 757 2428 εἰ
774 2371 969 2428 αὐτίκα
998 2373 1144 2443 μάλα
1163 2371 1489 2446 μεταβαλών
1506 2371 1609 2444 τήν
1628 2375 1931 2442 ἐπιθυμίαν

197 2520 199 2522 v
253 2452 613 2525 Ἱπποκράτης
642 2453 738 2509 ὅδε
765 2456 1124 2526 ἐπιθυμήσειε
1153 2462 1248 2526 τῆς
1277 2461 1574 2519 συνουσίας
1600 2454 1803 2509 τούτου
1825 2460 1927 2508 τοῦ
1962 2447 1967 2451 ’

265 2542 566 2591 νεανίσκου
595 2542 695 2591 τοῦ
716 2543 824 2591 νῦν
844 2540 1038 2592 νεωστὶ
1058 2540 1477 2609 ἐπιδημοῦντος,
1496 2540 1810 2601 Ζευξίππου
1828 2543 1928 2591 τοῦ
1960 2556 1967 2602 ξ
1987 2580 1989 2582 v

257 2615 667 2688 Ἡρακλεώτου,
706 2622 796 2674 καὶ
824 2618 1159 2691 ἀφικόμενος
1186 2619 1322 2690 παρ’
1341 2618 1541 2687 αὐτόν,
1581 2616 1764 2686 ὥσπερ
1783 2617 1931 2688 παρὰ
1960 2615 1962 2620 ’

202 2716 236 2760 c
268 2699 328 2755 σε
346 2707 472 2770 νῦν,
493 2699 782 2757 ἀκούσειεν
804 2700 1168 2758 αὐτοῦ’ταύτὰ
1187 2708 1376 2771 ταῦτα,
1396 2699 1536 2768 ἅπερ
1556 2707 1677 2768 σοῦ,
1698 2698 1783 2755 ὅτι
1805 2699 1930 2756 ἕκά-
1965 2712 1983 2783 '71

266 2797 395 2850 στης
414 2779 617 2852 ἡμέρας
636 2781 820 2847 ξυνών
839 2783 992 2857 αὐτῷ
1022 2790 1252 2856 βελτίων
1280 2788 1430 2838 ἔσται
1459 2784 1545 2838 καὶ
1566 2781 1845 2838 ἐπιδώσει·
1885 2786 1935 2836 εἰ

267 2860 443 2918 αὐτὸν
471 2865 812 2932 ἐπανέροιτο·
849 2870 906 2920 τί
939 2863 1004 2937 δὴ
1037 2865 1148 2938 φῂς
1177 2870 1370 2937 βελτίω
1402 2869 1628 2920 ἔσεσθαι
1657 2866 1746 2921 καὶ
1775 2869 1850 2929 είς
1881 2871 1934 2919 τί
1958 2877 1974 2925 ‚33
