1994 3100
226 118 297 169 34
839 120 1307 169 ΠΛΑΤΩΝΟΣ

165 260 200 300 E
232 258 444 308 σαυτοῦ
463 251 672 324 δημότῃ
690 250 914 322 οἷγαθὸν
942 256 1381 322 συμβουλεῦσαι,
1420 249 1526 322 χρὴ
1553 254 1902 324 συμβουλεύ-

231 355 329 389 ειν.
365 336 571 398 δίκαιος
592 331 642 388 δ’
667 330 717 388 εἷ
726 354 737 365 ·
769 329 984 401 καὶγὰρ
1008 328 1269 401 πατρικὸς
1286 329 1417 402 ἡμῖν
1436 339 1596 402 φίλος
1615 334 1901 406 τυγχάνεις

232 413 312 470 ὤν
325 436 336 448 ·
359 412 441 470 ἀεὶ
460 412 566 484 γὰρ
587 411 693 484 ἐγώ
714 415 804 469 καὶ
824 411 853 468 ὁ
875 410 972 475 σός
991 409 1167 482 πατὴρ
1186 413 1380 482 ἑταίρω
1392 435 1450 469 τε
1468 416 1558 470 καὶ
1578 420 1721 485 φίλω
1739 410 1899 486 ἦμεν,

231 501 322 552 καὶ
334 496 606 568 πρότερον
618 497 822 559 ἐκεῖνος
836 493 1168 564 ἐτελεύτησε,
1183 500 1314 564 πρίν
1332 516 1383 548 τι
1399 496 1518 565 ἐμοὶ
1534 499 1900 566 διενεχθῆναι.

231 582 518 650 περιφέρει
550 581 613 634 δέ
637 583 717 642 τίς
736 598 802 648 με
832 577 921 632 καὶ
949 577 1134 647 μνήμη
1156 575 1279 645 ἄρτι
1296 581 1473 632 τοῖνδε
1492 575 1795 646 λεγόντων·
1832 575 1898 632 τὰ

230 658 337 730 γὰρ
358 659 613 730 μειράκια
630 658 761 714 τάδε
780 657 918 727 πρὸς
938 654 1212 727 ἀλλήλους
1231 655 1375 713 οἴκοι
1393 658 1774 729 διαλεγόμενοι
1791 665 1903 712 θα-

231 743 304 815 μὰ
317 741 1057 813 ἐπιμέμνηνταιΣωκράτους
1085 743 1176 796 καὶ
1205 740 1423 812 σφόδρα
1444 744 1794 797 ἐπαινοῦσιν·
1834 739 1901 796 οὐ

232 827 420 895 μέντοι
437 825 658 880 πώποτε
688 821 894 888 αὐτοὺς
922 821 1267 894 άνηρωτησα,
1290 828 1340 879 εἰ
1363 823 1464 879 τόν
1491 829 1902 895 Σωφρονίσκου

117 915 200 960 181
232 910 460 978 λέγοιεν.
518 905 662 977 ἀλλ’,
685 900 729 962 ὦ
757 910 970 978 παῖδες,
993 908 1179 977 λέγετέ
1204 929 1323 977 μοι,
1344 905 1431 962 ὅδ’
1452 909 1562 963 ἐστὶ
1582 906 1902 977 Σωκράτης,

232 989 357 1058 περὶ
379 981 451 1043 οὗ
468 987 723 1044 ἑκάστοτε
742 991 1054 1058 μέμνησθε;

370 1074 525 1124 ΠΑΙ.
583 1068 750 1124 Πάνυ
770 1069 872 1139 μὲν
891 1062 1023 1137 οὖν,
1048 1062 1092 1124 ὦ
1109 1069 1298 1139 πάτερ,
1319 1061 1496 1133 οὗτος.

372 1156 486 1207 ΛΥ.
540 1145 629 1206 Εὖ
647 1172 709 1221 γε
729 1150 796 1221 νὴ
818 1147 1136 1220 τὴνἽΙραν,
1176 1142 1222 1204 ὦ
1239 1148 1560 1220 Σώκρατες,
1597 1148 1682 1205 ὅτι
1711 1147 1904 1218 ὀρθοῖς

231 1232 331 1290 τὸν
349 1234 555 1301 πατέρα
567 1274 583 1302 ,
621 1230 848 1300 ἄριστον
864 1231 1089 1300 ἀνδρῶν
1111 1229 1273 1302 ὄντα,
1310 1233 1401 1286 καὶ
1419 1229 1597 1297 ἄλλως
1615 1232 1706 1287 καὶ
1725 1231 1792 1302 δὴ
1812 1232 1903 1287 καὶ

231 1314 317 1372 ὅτι
340 1319 512 1371 οἰκεῖα
530 1314 598 1369 τά
617 1335 675 1370 τε
694 1314 763 1370 σοὶ
784 1313 917 1387 ἡμῖν
932 1311 1163 1385 ὑπάρξει
1182 1318 1273 1371 καὶ
1289 1317 1376 1370 σοὶ
1393 1314 1459 1370 τά
1478 1313 1729 1387 ἡμέτερα.

375 1403 491 1453 ΛΑ.
543 1399 654 1454 Καὶ
672 1398 810 1468 μήν,
833 1390 880 1452 ὦ
896 1403 1200 1469 Λυσίμαχε,
1233 1395 1306 1468 μὴ
1340 1394 1541 1468 ἀφίεσό
1559 1418 1621 1468 γε
1639 1395 1874 1468 τάνδρός
1889 1417 1900 1427 ·

231 1478 307 1546 ὡς
322 1479 431 1551 ἐγώ
450 1483 541 1537 καὶ
559 1479 765 1538 ἄλλοθί
777 1502 839 1551 γε
858 1476 1032 1534 αὐτὸν
1050 1480 1368 1551 ἐθεασάμην
1386 1477 1455 1534 οὐ
1474 1479 1652 1550 μόνον
1668 1478 1769 1536 τὸν
1794 1499 1902 1534 πα-

174 1573 207 1614 Β
236 1567 364 1634 τέρα
383 1561 522 1620 ἀλλὰ
542 1565 632 1619 καὶ
653 1561 756 1634 τὴν
774 1565 1007 1632 πατρίδα
1033 1560 1318 1630 ὀρθοῦντα
1333 1583 1345 1594 ·
1366 1565 1428 1618 ἐν
1447 1562 1553 1634 γὰρ
1574 1569 1642 1635 τῇ
1659 1560 1766 1619 ἀπὸ
1783 1570 1904 1633 Δη-

232 1651 356 1701 λίου
375 1652 528 1717 φυγῇ
551 1643 660 1716 μετ’
687 1647 824 1715 ἐμοῦ
841 1645 1238 1716 συνανεχώρει,
1276 1642 1431 1715 κάγώ
1464 1661 1553 1700 σοι
1579 1647 1719 1714 λέγω
1748 1643 1834 1699 ὅτι
1858 1648 1907 1699 εί

234 1731 290 1783 oc
304 1726 463 1784 ἄλλοι
480 1727 692 1798 ἤθελον
709 1734 953 1784 τοιοῦτοι
978 1727 1119 1783 εἶναι
1132 1771 1147 1796 ,
1171 1726 1316 1798 ὀρθὴ
1338 1724 1412 1783 ἂν
1425 1724 1638 1799 ἡμῶνὴ
1659 1727 1815 1792 πόλις
1831 1720 1903 1798 ἦν

231 1812 323 1865 καὶ
348 1807 452 1865 οὐκ
472 1805 544 1864 ἂν
561 1813 717 1865 ἔπεσε
736 1810 858 1865 τότε
876 1817 1130 1865 τοιοῦτον
1148 1815 1357 1879 πτῶμα.

373 1895 486 1946 ΛΤ.
536 1883 602 1945 Ὦ
619 1890 943 1960 Σώκρατες,
981 1883 1145 1954 οὗτος
1164 1892 1354 1959 μέντοι
1370 1887 1399 1945 ὁ
1421 1890 1643 1955 ἔπαινός
1672 1893 1783 1946 ἐστι
1802 1913 1902 1945 κα-

232 1974 353 2043 λος,
394 1971 461 2029 ὂν
491 1972 562 2028 συ
590 1981 699 2030 νῦν
732 1977 947 2030 ἐπαινεῖ
975 1970 1066 2029 ὑπ’
1097 1972 1321 2042 ἄνδρων
1347 1971 1516 2038 άξίων
1545 1973 1903 2029 πιστεύεσθαι

232 2056 324 2111 καὶ
343 2059 420 2119 εἰς
437 2061 608 2109 ταῦτα
629 2053 745 2118 εἰς
721 2078 756 2109 α
777 2076 933 2109 ουτοι
951 2058 1289 2110 ἐπαινοῦσιν.
1338 2056 1402 2108 εὐ
1423 2047 1528 2109 οὖν
1551 2052 1715 2109 ἴσθι
1693 2052 1776 2108 ότι
1795 2052 1899 2122 ἐγώ

232 2143 405 2193 ταῦτα
434 2135 660 2193 ἀκούων
681 2144 849 2208 χαίρω
881 2137 965 2194 ὅτι
993 2137 1327 2208 εὐδοκιμεῖς,
1362 2139 1452 2193 καὶ
1481 2135 1553 2192 σύ
1587 2137 1646 2192 δὲ
1675 2134 1816 2207 ἡγοῦ
1836 2158 1902 2206 με

235 2222 295 2275 ἐν
314 2230 426 2283 τοῖς
443 2215 489 2288 γ’
512 2217 905 2285 εὐνουστάτοις
944 2238 1032 2275 σοι
1050 2218 1205 2276 εἶναι.
1245 2225 1385 2290 χρῆν
1403 2219 1504 2289 μὲν
1525 2213 1631 2274 οὖν
1649 2222 1739 2274 καὶ
1761 2219 1902 2286 πρό-

175 2316 206 2358 G
232 2299 396 2369 τερόν
423 2321 485 2369 γε
506 2307 709 2374 φοιτᾷν
737 2299 912 2357 αὐτὸν
940 2299 1062 2371 παρ’
1083 2298 1225 2371 ἡμᾶς
1253 2302 1340 2356 καὶ
1374 2305 1608 2365 οἰκείους
1627 2299 1899 2372 ἡγεῖσθαι,

237 2380 421 2451 ὥσπερ
455 2379 516 2437 τὸ
557 2385 794 2437 δίκαιον·
848 2389 956 2439 νῦν
991 2381 1044 2438 δ’
1065 2375 1172 2437 οὖν
1209 2379 1315 2437 άπὸ
1355 2385 1520 2452 τῆσδε
1557 2389 1652 2455 τῆς
1679 2378 1898 2451 ἡμέρας,

234 2460 419 2533 ἐπειδὴ
439 2461 889 2535 άνεγνωρίσαμεν
907 2459 1208 2534 ἀλλήλους,
1252 2462 1325 2534 μὴ
1350 2462 1527 2527 ἄλλως
1553 2467 1723 2532 ποίει,
1760 2459 1900 2516 ἀλλὰ

234 2543 471 2601 σύνισθί
483 2566 541 2599 τε
571 2545 661 2600 καὶ
687 2546 917 2615 γνώριζε
936 2547 1026 2602 καὶ
1046 2543 1189 2616 ἡμᾶς
1213 2545 1304 2600 καὶ
1322 2543 1522 2599 τούσδε
1546 2539 1677 2606 τοὺς
1704 2544 1902 2597 νεωτέ-

235 2646 395 2696 ρους,
429 2624 578 2690 ὅπως
596 2647 667 2680 αν
688 2626 982 2697 διασώζητε
1002 2628 1093 2682 καὶ
1112 2624 1268 2698 υμεῖς
1285 2624 1387 2695 τὴν
1405 2622 1676 2695 ἡμετέραν
1694 2629 1898 2694 φιλίαν.

233 2712 403 2761 ταῦτα
441 2729 542 2777 μεν
579 2700 685 2761 οὖν
717 2709 807 2763 καὶ
829 2708 901 2762 σὺ
938 2707 1180 2779 ποιήσεις
1215 2708 1306 2762 καὶ
1341 2704 1496 2777 ἡμεις
1525 2721 1586 2760 σε
1617 2705 1707 2760 καὶ
1735 2698 1902 2768 αὖθις

227 2785 340 2860 ,32:53
342 2788 655 2876 κινήσομεν·
704 2790 828 2859 περὶ
860 2792 918 2844 δὲ
948 2812 1028 2845 ων
1057 2787 1344 2860 ἠρξάμεθα
1374 2792 1431 2841 τί
1455 2808 1621 2858 φατες
1654 2810 1704 2841 τι
1696 2790 1900 2850 δοκεῖς
