1962 3112
238 80 343 132 240
852 76 1332 126 ΠΛΑΤΩΝΟΣ
1850 84 1908 129 42

242 212 485 284 δεύματα
504 209 573 266 οὐ
595 210 775 282 δήπου
795 207 949 275 ε’κτός
967 210 1183 265 τούτων
1201 210 1312 265 ἐστὶ
1329 207 1396 265 τά
1413 207 1559 265 καλά
1571 250 1587 280 ,
1606 203 1647 280 ἦ
1664 210 1908 281 ω’φέλιμα

243 294 379 351 εἶναι
400 290 437 365 ἦ
458 289 644 365 ἡδέαῆ
664 290 964 362 ἀμφότερα.

381 379 556 430 ΠΩΛ.
614 370 734 427 Οὐκ
753 376 934 442 ἔμοιγε
954 375 1116 428 δοκεῖ.

128 470 212 517 475
306 518 310 521 ,
383 462 506 527 Σῼ.
565 453 794 511 Οὐκοῦν
830 455 920 509 καὶ
957 453 1018 508 τό
1054 459 1167 510 τῶν
1203 453 1549 525 μαθημάτων
1576 453 1777 518 κάλλος
1806 451 1910 518 ὦς·-

245 540 449 604 αύτως;

384 625 561 676 ΠΩΛ.
615 618 780 673 Πάνυ
798 639 860 687 γε
879 640 888 651 ·
910 618 999 673 καὶ
1017 624 1196 682 καλῶς
1210 639 1271 687 γε
1287 624 1395 673 νῦν
1415 614 1595 687 ὁρίζει,
1614 609 1658 671 ὦ
1676 616 1912 687 Σώκρα-

243 725 358 772 τες,
375 700 554 774 ἡδονῇ
572 722 629 755 τε
649 700 740 755 καὶ
760 698 957 773 ἀγαθῷ
979 696 1291 770 ὁριζόμενος
1309 699 1369 754 τὸ
1391 697 1579 754 καλόν.

383 790 508 842 ΣΩ.
570 781 798 839 Οὐκοῦν
828 779 889 836 τὸ
924 779 1152 851 αἰσχρὸν
1180 787 1257 854 τῷ
1285 783 1542 853 ἐναντίῳ,
1586 779 1733 852 λύπῃ
1752 802 1808 835 τε
1824 780 1914 835 καὶ

245 873 423 942 κακῷς

388 953 568 1003 ΠΩΛ.
615 944 870 1014 Ἀνάγκη.

388 1034 511 1085 ΣΩ.
557 1027 726 1083 Ὅταν
745 1025 853 1095 ἀρα
873 1029 1032 1080 δυοῖν
1049 1032 1242 1080 καλοῖν
1260 1024 1503 1094 θάτερον
1533 1023 1761 1080 κάλλιον
1781 1015 1817 1094 ᾗ
1829 1064 1844 1091 ,
1881 1017 1916 1092 ἢ

247 1118 325 1184 τῷ
372 1113 538 1184 ἑτέρῳ
577 1109 800 1165 τούτοιν
837 1103 876 1178 ἦ
924 1105 1255 1177 ἀμφοτέροις
1301 1103 1653 1177 ὑπερβάλλον
1688 1103 1918 1159 κάλλιόν

249 1193 423 1262 ἐστιν,
443 1189 564 1261 ἤτοι
582 1187 760 1262 ἡδονῇ
780 1185 817 1260 ἦ
839 1187 1073 1260 ὠφελείᾳ
1091 1184 1128 1258 ἢ
1146 1186 1487 1258 ἀμφοτέροις.

389 1278 568 1329 ΠΩΛ.
624 1269 789 1326 Πάνυ
809 1291 883 1340 γε.

390 1360 515 1411 ΣΩ.
571 1357 678 1409 Καὶ
709 1350 842 1408 ὅταν
873 1350 931 1406 δὲ
962 1349 1028 1421 δή
1060 1353 1218 1405 δυοῖν
1242 1354 1488 1420 αἰσχροῖν
1515 1346 1576 1403 τὸ
1608 1349 1797 1418 ἕτερον
1833 1352 1921 1403 αἴ-

187 1453 221 1495 Β
254 1453 408 1508 σχιον
432 1429 467 1508 ᾗ
479 1478 494 1506 ,
534 1433 654 1506 ἤτοι
675 1434 823 1505 λύπῃ
841 1428 877 1504 ἦ
896 1437 1048 1505 κακῷ
1068 1429 1421 1503 ὑπερβάλλον
1439 1437 1651 1500 αἴσχιον
1673 1431 1822 1484 ἔσται
1836 1446 1847 1458 ·
1886 1420 1922 1497 ἢ

252 1515 356 1574 οὐκ
377 1516 588 1587 ἀνάγκη
605 1540 619 1582 3

391 1603 566 1654 ΠΩΛ.
620 1602 746 1652 Ναί.

392 1686 518 1736 ΣΩ.
574 1683 715 1747 Φέρε
735 1678 802 1749 δή
815 1720 829 1747 ,
870 1684 986 1742 πῶς
1005 1679 1212 1746 ἐλέγετο
1237 1682 1344 1731 νῦν
1364 1673 1430 1746 δὴ
1452 1674 1574 1742 περὶ
1593 1679 1693 1729 τοῦ
1713 1669 1922 1727 ἀδικεῖν

255 1765 348 1819 καὶ
380 1760 720 1826 ἀδικεῖσθαι;
761 1757 865 1815 οὐκ
890 1762 1071 1829 ἔλεγες
1099 1755 1160 1812 τὸ
1183 1757 1284 1828 μὲν
1303 1754 1615 1811 ἀδικεῖσθαι
1631 1753 1828 1809 κάκιον
1847 1749 1924 1807 εἶ-

255 1866 374 1913 ναι,
394 1841 456 1899 τὸ
479 1842 538 1899 δὲ
557 1840 767 1896 ἀδικεῖν
786 1847 1026 1910 αἴσχιον;

398 1929 575 1979 ΠῼΛ.
615 1922 858 1992 ’Έλεγον

394 2009 521 2060 ΣΩ.
585 2000 812 2057 Οὐκοῦν
839 2009 988 2068 εἴπερ
1022 2007 1234 2070 αἴσχιον
1261 1996 1322 2054 τό
1355 1996 1565 2054 ἀδικεῖν
1588 2004 1691 2054 τοῦ
1719 1995 1926 2052 ἀδικεῖ·

257 2095 421 2158 σθαι,
459 2085 580 2157 ἤτοι
608 2083 991 2154 λυπηρότερόν
1021 2085 1132 2137 ἐστι
1162 2081 1252 2136 καὶ
1281 2079 1428 2152 λύπῃ
1459 2077 1810 2151 ὑπερβάλλον
1837 2084 1925 2132 αἴ-

258 2186 415 2240 σχιον
433 2164 505 2223 ἂν
525 2175 606 2238 εἴη
626 2162 663 2236 ἢ
683 2170 834 2240 κακῷ
856 2160 890 2235 ἦ
910 2162 1266 2234 ἀμφοτέροις;
1305 2159 1372 2216 οὐ
1389 2162 1481 2217 καὶ
1498 2166 1661 2216 τοῦτο
1683 2157 1924 2230 ἀνάγκης

396 2254 571 2304 ΠΩΛ.
626 2253 756 2312 Πῶς
773 2246 879 2318 γὰρ
902 2244 998 2313 οῧ;

398 2336 577 2386 XXXI.
650 2334 774 2385 ΣΩ.
830 2333 1067 2398 Πρῶτον
1082 2326 1182 2398 μὲν
1198 2325 1264 2396 δὴ
1283 2323 1632 2394 σκεψώμεθα,
1653 2317 1759 2393 ἆρα
1779 2321 1926 2392 λύπῃ

199 2431 227 2471 c
261 2409 595 2484 ὑπερβάλλει
616 2408 676 2466 τὸ
699 2408 910 2466 ἀδικεῖν
926 2414 1028 2464 τοῦ
1047 2405 1386 2477 ἀδικεῖσθαι,
1425 2407 1516 2462 καὶ
1535 2403 1767 2474 ἀλγοῦσι
1784 2409 1927 2471 μᾶλ-

258 2500 359 2549 λον
381 2496 437 2548 οί
452 2491 770 2556 ἀδικοῦντες
788 2487 824 2563 ἦ
845 2493 899 2546 οἱ
915 2486 1295 2559 ἀδικούμενοι;

403 2578 576 2627 ΠΩΛ.
633 2571 934 2641 Οὐδαμῶς,
958 2563 1004 2624 ὦ
1022 2568 1343 2638 Σώκρατες,
1362 2565 1528 2623 τοῦτο’
1547 2587 1610 2638 γε

401 2659 526 2709 ΣΩ.
587 2651 707 2708 Οὐκ
728 2652 834 2721 ἄρα
853 2651 1002 2724 λύπῃ
1023 2671 1086 2719 γε
1106 2647 1370 2720 ὑπερέχει.

397 2739 574 2790 mm.
634 2732 718 2788 οὐ
738 2737 888 2803 δῆτα.
