1962 3112
248 70 352 122 366
852 43 1332 122 ΠΛΑΤΩΝοΣ
1563 56 1584 58 ”
1656 31 1660 34 ’
1852 48 1860 52 ’
1894 72 1938 113 4

253 203 323 260 σύ
344 201 510 271 αὐτὸς
538 204 720 261 πόθεν
750 212 1009 259 πλεῖστον
1029 201 1299 275 ἀργύριον
1320 207 1555 277 εἰργάσω
1575 213 1689 264 τῶν
1710 207 1928 265 πόλεων
1960 259 1962 261 ,

253 291 328 350 εἰς
358 283 423 351 ἃς
451 285 700 357 ἄφικνεῖ;
737 283 773 357 ἦ
804 289 976 357 δῆλον
996 286 1080 342 ὅτι
1100 289 1159 343 ἐκ
1180 291 1621 361 Λακεδαίμονος,
1662 286 1817 359 οἷπερ
1835 293 1928 346 καὶ

251 369 567 434 πλειστάκις
587 366 799 439 ἄφῖξαις

391 457 490 506 ΙΠ.
554 450 639 507 Οὐ
659 452 734 522 μά
753 449 854 506 τὸν
870 457 982 507 Διά
995 494 1009 520 ,
1033 446 1078 507 ῶ
1095 451 1404 528 Σώκρατες.

392 537 517 588 ΣΩ.
569 540 698 598 Πῶς
719 533 851 607 φῄςς
894 532 1013 590 ἀλλ’
1038 533 1350 604 ἐλάχιστον;

388 621 488 672 ΙΠ.
546 613 730 673 Οὐδὲν
747 619 849 687 μὲν
869 611 975 672 οὖν
993 615 1053 672 τὸ
1073 616 1334 686 παράπαν
1353 616 1588 673 πῶποτε.

390 704 514 757 Σ-Ωι.
576 703 748 770 Τέρας
769 702 942 770 λέγεις
962 700 1053 754 καὶ
1070 698 1427 770 θαυμαστόν,
1451 693 1494 754 ῶ
1509 697 1699 755 Ἱππία.
1722 704 1820 754 καί
1832 721 1925 770 μοι
1961 753 1962 759 ,

249 784 388 836 εἰπέ·
426 778 460 850 ἡ
493 788 662 850 σοφία
689 778 724 852 ἡ
746 780 813 851 σὴ
837 779 936 851 οὐχ
967 786 1053 838 οἵα
1071 781 1202 846 τους
1221 781 1495 862 συνόντας
1515 779 1653 853 αὐτῇ
1673 782 1764 837 καὶ
1783 803 1926 852 μαν-

249 862 533 926 θείνοντας
552 866 627 926 είς
646 860 851 934 ἀρετὴν
869 868 1117 934 βελτίους
1138 877 1339 919 ποιεῖν·
1328 907 1340 928 ,
1954 865 1956 882 '

389 951 489 1001 IH.
546 947 656 1001 Καὶ
677 946 823 1001 πολύ
840 968 930 1016 γε,
961 949 1000 1000 ῶ
1023 945 1331 1017 Σώκρατες.

389 1033 515 1083 ΣΩ.
562 1026 721 1083 Ἀλλὰ
750 1026 883 1093 τοῦς
921 1029 1022 1098 μὲν
1051 1027 1352 1098 Ἰνυκηνῶν
1381 1031 1516 1093 υἱεῖς
1545 1023 1659 1093 οἷός
1688 1051 1746 1083 τε
1773 1021 1925 1099 ἦσθα

249 1108 510 1181 ἀμείνους
533 1116 783 1181 ποιῆσαι,
805 1108 937 1174 τοὺς
956 1112 1015 1166 δὲ
1031 1118 1402 1180 Σπαρτιατῶν
1420 1109 1735 1181 ἠδυνάτεις;

388 1199 487 1248 ΙΠ.
543 1198 768 1248 Πολλοῦ
789 1213 851 1261 γε
872 1195 992 1248 δέω.

389 1280 514 1331 Σῼ
567 1273 726 1331 Αλλά
748 1278 882 1346 δῆτα
902 1282 1231 1331 Σικελιῶται
1249 1277 1351 1347 μὲν
1373 1279 1743 1347 ἐπιθυμοῦσιν
1769 1274 1912 1346 ἀμεί-

248 1379 383 1423 νους
403 1364 721 1428 γιηγνεσθαι
753 1358 1178 1429 Λακεδαιμόνιοι
1201 1357 1251 1414 δ’
1277 1358 1374 1425 οὕς

386 1446 488 1495 ΙΠ.
526 1440 758 1504 Πάντως
761 1443 834 1538 9γέ
847 1461 974 1510 που,
994 1462 1035 1494 ω
1016 1435 1360 1513 Σώκρατες,
1378 1465 1467 1498 και
1451 1441 1914 1513 Λακεδαιμονιοι.
1960 1466 1962 1513 3

386 1529 512 1578 Σῼ.
562 1518 679 1593 ’Ap'
711 1544 816 1576 ουν
854 1522 1150 1592 χρημάτων
1187 1527 1367 1579 ἐνδεία
1401 1527 1641 1594 ἔφευγον
1676 1522 1780 1595 τὴν
1816 1521 1913 1594 σὴν
1939 1531 1962 1631 J

245 1603 492 1675 ὁμιλί·αν
479 1647 493 1671 ,

386 1693 484 1743 IH.
546 1688 630 1743 Οὐ
652 1692 813 1759 δῆτα,
836 1691 949 1744 ἐπει
969 1687 1132 1744 ἱκανοὶ
1154 1687 1339 1753 αὐτοῖς
1358 1692 1516 1744 ἐστίν.

384 1775 509 1825 Σῼ.
572 1776 639 1824 Τί
666 1769 787 1841 δῆτ’
820 1767 892 1825 ὄίν
921 1779 1002 1840 εἰή
1019 1813 1032 1838 ,
1073 1768 1157 1824 ότι
1177 1773 1581 1841 ἐπιθυμοῦντες
1600 1773 1731 1828 καῖ’
1710 1777 1924 1842 ἔχοντες
1955 1795 1962 1831 ι

243 1851 508 1923 χρήματα,
531 1854 620 1907 καὶ
642 1858 745 1906 σοῦ
767 1855 1083 1922 δυναμένου
1108 1875 1174 1907 τα
1194 1855 1417 1923 μέγιστα
1438 1875 1646 1918 αυτους
1666 1851 1919 1924 ωφελεῐν,
1952 1880 1962 1913 ι

245 1932 314 1988 οὐ
335 1934 514 2005 πλήρη
537 1950 597 1989 σε
618 1933 891 2004 ἀργυρίου
911 1933 1263 2005 απέπεμψαν;
1302 1933 1425 1990 αλλ’
1459 1938 1634 1991 ἐκεῖνο
1649 1978 1664 2005 ,
1704 1944 1827 2007 μῶν
1845 1934 1933 2007 μὴ
1951 1930 1957 1982 ἶ

244 2016 670 2087 Λακεδαιμόνιοι
701 2023 806 2071 σοῦ
834 2019 1052 2087 βέλτιον
1082 2013 1154 2071 ὄὶν
1183 2018 1538 2073 παιδεύσειαν
1573 2017 1702 2083 τοῦς
1732 2017 1933 2074 αὐτῶν
1950 2017 1957 2043 ²

244 2104 469 2164 παῖδας·
457 2143 470 2166 ,
506 2097 543 2171 ἦ
562 2106 725 2155 τοῦτο
747 2106 943 2170 φῶμεν
964 2101 1138 2170 οὕτω,
1166 2107 1256 2154 καὶ
1276 2098 1347 2154 σύ
1367 2113 1694 2171 συγχωρεῖς;
1926 2115 1930 2163 j

385 2188 484 2238 IH.
542 2180 681 2237 Οὐδ’
707 2179 1033 2238 ὁπωστιοῦν.
1927 2175 1930 2252 J

386 2270 509 2320 Σῼ.
563 2264 815 2336 Πότερον
837 2259 944 2320 οῦν
962 2265 1093 2330 τοὺς
1123 2268 1283 2329 νέους
1302 2263 1402 2334 οὐχ
1418 2260 1534 2329 οἷός
1553 2262 1602 2319 τ’
1626 2258 1779 2335 ἦσθα
1799 2253 1928 2341 πεί-ᾗ
1944 2264 1953 2290 ²

241 2354 370 2402 θειν
399 2348 460 2402 ἐν
488 2351 887 2418 Λακεδαίμονι,
930 2346 1001 2413 ῶς
1030 2350 1116 2404 σοὶ
1136 2348 1394 2414 ξυνόντες
1414 2351 1582 2403 πλέον
1603 2343 1675 2403 ἄν
1694 2352 1770 2411 είς
1790 2346 1921 2417 ἆρε-
1943 2417 1945 2419 ¹

239 2426 343 2499 τὴν
372 2430 669 2485 ἐπιδιδοῖεν
697 2426 733 2501 ἦ
759 2442 872 2495 τοῖς
902 2432 1141 2501 ἑαυτῶν,
1182 2427 1220 2501 ἦ
1256 2430 1386 2494 τοὺς
1421 2433 1646 2486 ἐκείνων
1682 2433 1918 2496 πατέρας
1943 2453 1946 2461 ·

241 2507 532 2580 ἠδυνάτεις
548 2518 782 2583 πείθειν,
805 2510 890 2567 ὅτι
915 2515 1001 2568 σοὶ
1020 2513 1121 2584 χρὴ
1143 2511 1510 2583 παραδιδόναι
1530 2517 1740 2581 μᾶλλον
1758 2506 1796 2582 ἦ
1814 2511 1884 2566 αὐ

241 2613 370 2656 τους
388 2595 791 2665 ἐπιμελεῖσθαι,
829 2603 980 2664 εἴπερ
1005 2617 1057 2650 τι
1078 2602 1192 2650 τῶν
1217 2598 1358 2650 υἱῶν
1382 2594 1672 2665 κήδονται,
1711 2592 1780 2648 οὐ
1808 2594 1940 2664 γάρ·

241 2695 351 2729 που
388 2675 677 2744 ἐφθόνουν
707 2698 770 2746 γε
800 2688 912 2740 τοῖς
932 2678 1147 2733 ἑαυτῶν
1176 2677 1367 2732 παισὶν
1394 2673 1466 2740 ῶς
1494 2680 1794 2747 βελτίστοις
1820 2697 1938 2767 ye-J.

238 2761 452 2813 νέσθαι.

1944 1148 1951 1338 J
