1962 3112
209 177 313 228 352
809 175 1289 224 ΠΛΑΤῼΝΟΣ
1791 181 1877 226 154

348 316 472 367 ΣΩ.
530 308 650 367 Οὐκ
688 304 760 364 ἄν
796 308 903 379 ἄρα
937 307 1041 378 τήν
1071 329 1135 378 γε
1173 306 1346 379 φύσιν
1381 312 1482 363 τοῦ
1522 309 1666 373 υίέος
1702 306 1873 363 αὐτοῦ

210 389 456 463 ᾗτιασατ’
479 393 550 447 ἄν
569 414 647 456 τις
666 389 804 446 εἶναι
824 388 1016 459 κακήν.

145 489 177 530 E
349 481 473 529 AN.
515 473 672 537 Ἴσως
691 470 793 527 οὐκ
813 472 899 527 ἄν.

346 562 470 612 ΣΩ.
529 560 599 611 Τί
623 555 680 611 δὲ
711 554 859 618 τόδε;
899 551 972 617 ὦς
1001 553 1358 623 Κλεόφαντος
1386 551 1415 608 ὁ
1446 556 1874 624 Θεμιστοκλέους

206 637 346 709 ἀνηρ
368 636 580 709 ἀγαθὸς
599 637 688 692 καὶ
708 633 883 706 σοφὸς
902 635 1113 704 ἐγένετο
1134 633 1273 703 ἅπερ
1294 633 1322 691 ὁ
1346 634 1525 708 πατὴρ
1547 633 1748 704 αὐτοῦ,
1768 634 1871 706 ἤδη

204 742 304 775 του
325 719 566 790 ἀκήκοας
583 714 619 789 ἢ
639 720 911 787 νεωτέρου
929 713 964 787 ἢ
985 719 1392 789 πρεσβυτέρους

342 806 466 858 ΑΝ.
521 798 607 857 Οὐ
627 804 774 871 δῆτα.

346 888 470 939 ΣΩ.
520 877 636 953 Ἆρ’·
672 877 776 936 οὖν
802 887 973 936 ταῦτα
1003 881 1103 952 μὲν
1124 883 1355 952 οἰόμεθα
1373 879 1679 953 βούλεσθαι
1698 879 1874 936 αὐτὸν

205 988 304 1021 τον
324 963 498 1021 αὑτοῦ
516 962 641 1020 υίὸν
659 967 950 1018 παιδεῦσαι
963 1006 978 1031 ,
1015 961 1087 1035 ἣν
1105 965 1163 1021 δὲ
1183 961 1348 1029 αὐτὸς
1368 968 1572 1035 σοφίαν
1589 957 1660 1034 ἦν
1680 963 1870 1033 σοφός,

206 1044 372 1102 οὐδὲν
390 1053 502 1102 τῶν
519 1046 785 1117 γειτόνων
802 1051 997 1117 βελτίω
1016 1053 1255 1118 ποιῆσαι,
1278 1054 1426 1118 εἴπερ
1446 1038 1518 1117 ἦν
1534 1067 1596 1116 γε
1615 1044 1873 1100 διδακτὸν

204 1127 237 1201 ἡ
258 1127 451 1199 ἄρετήε

341 1216 463 1266 ΛΝ.
499 1209 658 1274 Ἴσως
677 1209 750 1280 μοὶ
770 1209 863 1266 Δί’
886 1210 972 1267 οὔ.

344 1296 571 1348 XXXIII.
636 1299 759 1348 ΣΩ.
817 1286 995 1358 Οὗτος
1022 1293 1123 1364 μὲν
1142 1292 1209 1362 δή
1240 1308 1325 1346 σοι
1346 1295 1592 1355 τοιοῦτος
1611 1291 1870 1361 διδάσκα-

207 1382 300 1439 λος
319 1372 513 1446 ἀρετῆς
527 1417 542 1446 ,
564 1371 629 1430 ὃν
647 1377 737 1430 καὶ
756 1373 827 1430 σὺ
848 1373 1130 1446 ὁμολογεῖς
1149 1378 1208 1430 ἐν
1225 1386 1339 1439 τοῖς
1357 1372 1582 1444 ἄριστον
1599 1380 1711 1429 τῶν
1733 1393 1863 1446 προ·-

119 1474 179 1520 94
207 1459 381 1525 τέρων
409 1455 572 1512 εἶναι·
611 1455 782 1513 ἄλλον
814 1460 870 1513 δὲ
908 1455 973 1528 δὴ
1012 1457 1372 1528 σκεψώμεθα,
1405 1454 1740 1527 Ἀριστείδην
1772 1455 1860 1518 τὰΙΙ

204 1539 529 1610 Λυσιμάχου
543 1563 554 1574 ·
574 1535 611 1611 ἦ
629 1547 830 1595 τοῦτον
850 1538 951 1610 οὐχ
971 1537 1256 1611 ὁμολογεῖς
1274 1535 1494 1608 ἀγαθὰν
1511 1539 1823 1610 γεγονέναι;

342 1628 467 1679 ΑΝ.
509 1621 745 1694 Ἔγωγε,
768 1623 987 1689 πάντως
1007 1622 1201 1695 δήπου.

344 1709 469 1759 ΣΩ.
529 1703 755 1760 Οὐκοῦν
782 1709 871 1760 καὶ
906 1699 1068 1769 οὗτος
1096 1701 1195 1760 τὸν
1225 1703 1351 1760 υίόν
1379 1702 1476 1759 τὸν
1504 1701 1678 1759 αὑτοῦ
1694 1710 1863 1761 Λυσί-

203 1808 406 1857 μαχον,
438 1784 543 1843 ὅσα
562 1788 663 1858 μὲν
685 1787 1031 1844 διδασκάλων
1051 1796 1218 1858 εἴχετο
1232 1830 1246 1856 ,
1284 1787 1547 1843 κάλλιστα
1558 1784 1868 1858 Ἀθηναίων

205 1871 553 1939 ἐπαίδευσεν,
588 1866 764 1939 ἄνδρα
797 1870 854 1924 δὲ
882 1874 1078 1940 βελτίω
1110 1874 1264 1925 δοκεῖ
1279 1886 1366 1925 σοι
1385 1868 1627 1926 ὁτουοῦν
1641 1889 1869 1940 πεποιη-

201 1951 381 2014 κέναι;
401 1950 576 2023 τούτῳ
596 1949 702 2021 γάρ
725 1971 835 2004 που
849 1952 940 2006 καὶ
955 1952 1293 2021 συγγέγονας
1308 1952 1399 2007 καὶ
1418 1948 1553 2024 ὁρᾷς
1571 1945 1685 2015 οἶός
1703 1954 1851 2007 ἐστιν

137 2049 168 2089 Β
202 2037 251 2087 εἰ
296 2032 354 2088 δὲ
406 2033 622 2104 βούλει,
677 2035 974 2103 Περικλέα,
1035 2032 1180 2089 οὕτω
1224 2039 1651 2104 μεγαλοπρεπῶς
1687 2033 1868 2102 σοφόν

200 2113 404 2184 ἄνδρα,
443 2114 593 2171 οἷσθ’
634 2115 717 2172 ὅτι
746 2118 847 2172 δύο
877 2119 1011 2180 υίεῖς
1047 2119 1274 2186 ἔθρεψε,
1309 2116 1574 2187 Πάραλον
1604 2118 1691 2171 καὶ
1722 2117 1866 2174 Ξάν-

196 2205 436 2262 θιππου;

336 2286 459 2335 ΑΝ.
498 2280 723 2350 ’Έγωγε.

336 2366 460 2417 ΣΩ.
519 2360 761 2426 Τούτους
778 2364 991 2433 μέντοι,
1031 2360 1104 2427 ὦς
1122 2361 1287 2419 οἶσθα
1306 2364 1393 2418 καὶ
1415 2362 1486 2417 σύ
1499 2404 1514 2433 ,
1551 2364 1746 2426 ἱππέας
1763 2363 1865 2432 μὲν

197 2445 444 2509 ἐδίδαξεν
475 2441 704 2507 οὐδενὸς
734 2447 949 2513 χείρους
968 2441 1306 2516 Ἀθηναίων,
1346 2447 1436 2501 καὶ
1465 2441 1737 2515 μουσικὴν
1773 2446 1863 2499 καὶ

197 2522 445 2595 ἇγωυίαν
462 2525 553 2582 καὶ
571 2518 742 2581 τᾶλλα
761 2528 1110 2597 ἐπαίδευσεν,
1144 2524 1247 2581 ὅσα
1265 2528 1452 2597 τέχνης
1470 2528 1642 2595 ἔχεται
1655 2567 1668 2592 ,
1699 2521 1862 2579 οὐδε-

195 2626 292 2671 νος
319 2610 534 2676 χείρους
547 2628 557 2638 ·
598 2605 847 2676 ἀγαθοὺς
876 2608 933 2663 δὲ
953 2607 1059 2677 ἄρα
1079 2606 1285 2677 ἄνδρας
1303 2605 1406 2662 οὐκ
1427 2606 1682 2677 ἐβούλετο
1701 2612 1862 2676 ποιῆ-

196 2703 315 2754 σαι;
338 2691 485 2743 δοκῶ
503 2691 630 2758 μέν,
657 2690 912 2759 ἐβούλετο
927 2732 942 2760 ,
962 2688 1100 2746 ἀλλὰ
1119 2689 1191 2761 μὴ
1214 2687 1318 2744 οὐκ
1338 2682 1375 2760 ᾗ
1397 2687 1668 2743 διδακτόν.
1688 2691 1780 2743 ἵνα
1800 2688 1859 2745 δὲ

195 2791 267 2841 μη
299 2767 520 2840 ὀλίγους
545 2777 632 2842 οἴῃ
653 2768 890 2834 καὶτοὺς
911 2771 1294 2840 φαυλοτάτους
1313 2768 1626 2840 Ἀθηναίων
1644 2767 1857 2825 ἀδυνά-

133 2867 163 2907 Ο
192 2872 322 2916 τους
340 2851 625 2922 γεγονέναι
646 2857 808 2914 τοῦτο
828 2851 887 2907 τὸ
911 2859 1091 2924 πρᾶγμ
1100 2876 1150 2922 α,
1166 2851 1515 2923 ἐνθυμήθητι
1534 2850 1617 2908 ὅτι
1630 2857 1854 2908 Θουκυ-
