2020 3094
178 354 211 395 E

132 849 217 892 313

182 1585 214 1626 B

239 132 339 206 140
849 130 1321 180 ΠΛΑΤΩΝΟΣ
1856 98 1926 185 52*

239 268 362 338 περὶ
383 265 517 322 ὅτου
537 264 564 322 ὁ
587 264 854 336 σοφιστὴς
884 262 1070 319 δεινὸν
1090 276 1238 320 ποιεῖ
1250 265 1430 334 λέγειν
1447 287 1457 297 ·
1493 266 1677 335 ὥσπερ
1699 265 1727 323 ὁ
1749 277 1914 324 κιθα-

244 345 430 419 ριστὴς
450 345 641 403 δεινὸν
672 346 852 417 δήπου
884 356 1030 399 ποιεῖ
1045 348 1224 413 λέγειν
1248 347 1372 416 περὶ
1391 339 1564 418 οὗπερ
1584 351 1675 404 καὶ
1694 349 1916 420 ἐπιστή-

240 451 412 501 μονα,
448 430 571 499 περὶ
602 433 958 498 κιθαρίσεως·
997 420 1181 497 ἧγοὶρ;
1218 432 1345 482 Ναί.
1400 426 1555 483 Εἶεν·
1595 427 1622 484 ὁ
1650 433 1708 485 δὲ
1729 428 1794 501 δὴ
1816 449 1915 485 σο-

242 511 438 581 φιστὴς
467 511 590 579 περὶ
617 514 765 572 τίνος
797 506 984 562 δεινὸν
1016 519 1160 562 ποιεῖ
1188 511 1396 577 λέγειν;
1430 507 1466 580 ἦ
1495 514 1665 581 δῆλον
1687 510 1771 567 ὅτι
1790 513 1913 583 περὶ

242 587 415 661 οὗπερ
437 594 528 646 καὶ
548 595 853 655 ἐπίσταται;
892 590 1060 653 Είκός
1093 611 1171 659 γε.
1232 596 1303 646 Τί
1328 591 1397 661 δή
1419 594 1529 646 ἐστι
1558 598 1751 664 τοῦτο,
1789 597 1913 664 περὶ

243 665 312 730 οὗ
332 671 501 737 αὐτός
514 695 575 743 γε
595 671 907 741 ἐπιστήμων
928 673 1073 726 ἐστὶν
1095 668 1123 726 ὁ
1145 669 1410 742 σοφιστὴς
1429 675 1519 728 καὶ
1539 673 1637 728 τὸν
1659 675 1914 746 μαθητὴν

243 765 391 810 ποιεῖ
398 778 412 821 3
454 754 557 810 Μὰ
577 751 693 824 Δί’,
716 759 819 823 ἔφη
834 795 847 821 ,
870 751 1053 807 οὐκέτι
1073 755 1176 822 ἔχω
1196 770 1284 807 σοι
1304 754 1496 822 λέγειν.

387 842 447 893 V.
508 838 628 891 ’Καὶ
659 833 765 905 ἐγώ
798 833 953 889 εἶπον
988 834 1121 903 μετα
1153 840 1344 888 τοῦτο·
1386 841 1457 889 Τί
1484 829 1615 902 οὗνς
1655 835 1821 892 οἶσθα
1841 843 1917 902 εἰς

246 914 366 973 οἷόν
384 939 506 972 τινα
526 920 794 972 κίνδυνον
826 920 968 984 ἔρχει
986 912 1299 986 ὑποθήσων
1317 914 1420 986 τὴν
1450 916 1659 986 ψυχήν;
1694 913 1731 988 ἦ
1753 923 1803 973 εἰ
1819 918 1917 988 μὲν

242 997 304 1054 τὸ
323 1006 484 1098 σῶμα
514 999 821 1065 ἐπιτρέπειν
850 1013 910 1050 σε
940 999 1048 1050 ἔδει
1075 1018 1177 1069 τω,
1218 996 1754 1052 διακινδυνεύοντα
1728 997 1765 1069 η’
1783 1021 1917 1070 χρη-

247 1080 380 1137 στὸν
410 1078 544 1135 αὐτὸ
577 1081 842 1151 γενέσθαι
869 1073 907 1147 ἦ
937 1076 1213 1181 πονηρόν,
1252 1076 1428 1133 πολλοὶ
1456 1074 1528 1133 ἄν
1558 1084 1916 1150 περιεσκέψω,

248 1159 334 1218 εἴτ’
352 1163 702 1232 ἐπιτρεπτέον
722 1168 828 1214 εἴτε
849 1157 934 1225 οὔ,
949 1160 1039 1213 καὶ
1060 1164 1135 1223 εἰς
1157 1158 1480 1230 συμβουλὴν
1498 1160 1628 1225 τούς
1645 1182 1702 1214 τε
1723 1167 1920 1259 φίλους

247 1239 319 1297 ἂν
350 1242 675 1312 παρεκάλεις
710 1242 801 1295 καὶ
837 1237 969 1303 τούς
999 1245 1262 1306 οἰκείους,
1302 1241 1682 1311 σκοπούμενος
1720 1239 1920 1312 ἡμέρας

247 1325 476 1396 συχνάς·
499 1319 528 1379 ὃ
552 1323 610 1379 δὲ
634 1324 758 1392 περὶ
780 1327 1034 1385 πλείονος
1055 1328 1155 1376 τοῦ
1178 1322 1426 1391 σώματος
1445 1320 1583 1393 ἡγεῖ,
1597 1323 1699 1393 τὴν
1715 1324 1916 1394 ψυχήν,

245 1409 339 1463 καὶ
358 1409 418 1461 ἐν
439 1400 485 1481 ᾦ
503 1403 659 1460 πάντ’
683 1406 793 1460 ἐστὶ
811 1402 879 1458 τοὶ
901 1401 970 1458 σοὶ
989 1400 1025 1473 ἦ
1047 1397 1112 1457 εὖ
1130 1399 1167 1474 ἦ
1185 1409 1368 1467 κακῶς
1388 1404 1663 1473 πράττειν,
1678 1411 1919 1474 χρηστοῦ

244 1486 281 1560 ἢ
319 1495 572 1559 πονηροῦ
608 1485 786 1541 αὐτοῦ
820 1488 1154 1555 γενομένου,
1193 1488 1317 1553 περὶ
1355 1486 1414 1541 δὲ
1452 1487 1655 1540 τούτου
1684 1485 1813 1541 οὔτε
1842 1493 1920 1560 τῷ

247 1574 409 1638 πατρὶ
439 1569 566 1625 οὔτε
586 1575 660 1642 τῷ
691 1566 915 1641 ἀδελφῷ
934 1566 1284 1622 ἐπεκοινοόσω
1305 1565 1431 1621 οὔτε
1460 1564 1620 1637 ἡμῶν
1639 1575 1752 1622 τῶν
1772 1570 1919 1622 ἑταί-

247 1674 365 1722 ρων
395 1650 609 1721 οὐδενί,
651 1648 741 1705 εἴτ’
763 1650 1116 1716 ἐπιτρεπτέον
1146 1655 1253 1703 εἴτε
1282 1648 1373 1702 καὶ
1406 1646 1474 1702 οὐ
1497 1655 1574 1721 τῷ
1601 1645 1918 1722 ἀφικομένῳ

246 1732 425 1804 τούτῳ
451 1735 586 1804 ξένῳ
615 1731 716 1801 τὴν
746 1729 853 1800 σὴν
883 1729 1091 1799 ψυχήν,
1133 1727 1248 1784 ἀλλ’
1281 1730 1510 1796 ἑσπέρας
1541 1727 1810 1799 ἀκούσας,
1850 1728 1921 1794 ὡς

248 1815 382 1888 φῄς,
420 1813 652 1884 ὄρθριος
674 1811 829 1883 ἥκων
858 1813 982 1882 περὶ
1011 1811 1111 1880 μὲν
1142 1811 1346 1865 τούτου
1377 1808 1581 1866 οὐδένα
1601 1811 1770 1881 λόγον
1791 1811 1920 1868 οὐδὲ

248 1893 575 1967 συμβουλὴν
604 1906 776 1963 ποιεῖ,
816 1901 923 1947 εἴτε
952 1891 1052 1962 χρὴ
1077 1893 1387 1959 ἐπιτρέπειν
1404 1891 1612 1948 σαυτὸν
1632 1893 1784 1966 αὐτῷ
1814 1902 1919 1950 εἴτε

248 1978 322 2048 μή
337 2019 350 2045 ,
384 1977 599 2046 ἕτοιμος
618 1973 670 2030 δ’
694 1974 741 2030 εἶ
766 1974 1085 2029 ἀναλίσκειν
1104 1973 1171 2027 τά
1192 1994 1250 2027 τε
1269 1981 1480 2028 σαυτοῦ
1498 1972 1672 2030 καὶτὰ
1693 1981 1807 2030 τῶν
1827 1982 1918 2045 φί-

247 2067 363 2113 λων
380 2056 654 2127 χρήματα,
678 2052 749 2120 ὡς
767 2055 871 2126 ἤδη
903 2056 1240 2126 διεγνωκώς,
1265 2053 1350 2109 ὅτι
1380 2055 1602 2121 πάντως
1623 2061 1920 2112 συνεστέον

247 2138 622 2212 Πρωταγόρᾳ,
647 2134 712 2193 ὃν
734 2137 860 2193 οὔτε
880 2136 1230 2208 γιγνώσκεις,
1253 2135 1327 2202 ὦς
1349 2137 1485 2209 φῄς,
1519 2137 1647 2192 οὔτε
1671 2142 1922 2204 διείλεξαι

246 2221 632 2290 οὐδεπώποτε,
655 2218 927 2291 σοφιστὴν
947 2218 998 2275 δ’
1021 2218 1332 2291 ὀνομαζεις,
1362 2220 1462 2276 τὸν
1484 2221 1541 2276 δε
1563 2222 1917 2325 σοφιστήν,ο
1889 2220 1921 2278 ὅ

249 2309 306 2358 τί
331 2323 462 2358 ποτε
493 2307 632 2371 ἔστι,
672 2308 858 2373 φαίνει
887 2325 1134 2375 αγνοων,
1173 2325 1214 2376 ω
1244 2307 1453 2374 μέλλεις
1483 2302 1689 2359 σαυτὸν
1709 2307 1922 2373 ἐπιτρέ-

250 2405 401 2449 πειν;
439 2385 528 2439 καὶ
548 2380 608 2448 ὃς
627 2383 897 2453 ἀκούσας,
922 2385 1169 2455 ’Ἐοικεν,
1203 2390 1334 2456 ἐφη,
1358 2408 1399 2440 ω
1420 2387 1744 2455 Σώκρατες,
1766 2388 1820 2450 ἐξ
1841 2408 1920 2439 ων

252 2465 323 2521 σύ
342 2469 527 2536 λέγεις.
562 2459 668 2538 Αρ’
691 2469 824 2537 οὐν,
858 2489 897 2521 ω
915 2464 1295 2538 Ἱππόκρατες,
1329 2465 1357 2522 ὁ
1380 2465 1646 2538 σοφιστὴς
1663 2487 1921 2537 τυγχανει

253 2547 332 2605 ὢν
352 2550 587 2619 ἒμπορός
605 2546 739 2621 τιςῆ
758 2550 1003 2621 καπηλος
1034 2573 1146 2606 των
1178 2549 1501 2621 ἀγωγιμων,
1541 2547 1630 2619 ἀφ’
1662 2543 1740 2604 ὠν
1774 2549 1918 2620 ψυχὴ

250 2634 528 2702 τρέφεται;
580 2637 840 2687 Φαίνεται
877 2631 984 2703 γὰρ
1026 2636 1209 2703 ἔμοιγε
1237 2632 1485 2695 τοιοῦτός
1513 2653 1617 2695 τις·
1644 2633 1920 2734 ,τρέφεται

251 2717 328 2784 δέ,
350 2736 391 2769 ω
416 2714 731 2786 Σώκρατες,
752 2716 897 2787 ψυχὴ
917 2724 1053 2785 τίνι;
1073 2717 1391 2788 Μαθήμασι
1411 2717 1607 2788 δήπου,
1628 2713 1710 2793 ἦν
1722 2718 1775 2774 δ’
1796 2717 1918 2788 ἐγώ.

249 2793 384 2851 καὶ
363 2793 512 2860 ὅπως
541 2817 603 2866 γε
632 2797 736 2867 μή,
776 2819 817 2851 ω
849 2800 1049 2866 ἑταῖρε,
1090 2797 1119 2852 ὁ
1141 2799 1404 2870 σοφιστὴς
1426 2802 1669 2858 ἐπαινοῦν
1691 2798 1726 2843 ’ν’
1750 2807 1916 2856 πωλεῖ
