<?xml version="1.0" encoding="UTF-8"?>
<!DOCTYPE html PUBLIC "-//W3C//DTD XHTML 1.0 Transitional//EN"
    "http://www.w3.org/TR/xhtml1/DTD/xhtml1-transitional.dtd">
<html xmlns="http://www.w3.org/1999/xhtml" xml:lang="en" lang="en">
 <head>
  <title>
</title>
<meta http-equiv="Content-Type" content="text/html;charset=utf-8" />
  <meta name='ocr-system' content='tesseract 3.04.00' />
  <meta name='ocr-capabilities' content='ocr_page ocr_carea ocr_par ocr_line ocrx_word'/>
</head>
<body>
  <div class='ocr_page' id='page_1' title='image "./dialogisecumdumt03platuoft_0173.png"; bbox 0 0 2020 3094; ppageno 0'>
   <div class='ocr_carea' id='block_1_1' title="bbox 2 91 1804 187">
    <p class='ocr_par' dir='ltr' id='par_1_1' title="bbox 2 91 1804 187">
     <span class='ocr_line' id='line_1_1' title="bbox 2 91 1804 187; baseline -0.001 -23"><span class='ocrx_word' id='word_1_1' title='bbox 2 91 55 187; x_wconf 62' lang='lat'><em>⁵⁰1</em></span> <span class='ocrx_word' id='word_1_2' title='bbox 119 130 171 173; x_wconf 67' lang='grc' dir='ltr'><strong>ῃ</strong></span> <span class='ocrx_word' id='word_1_3' title='bbox 675 117 839 165; x_wconf 74' lang='grc' dir='ltr'><em>ΠΡΩ</em></span> <span class='ocrx_word' id='word_1_4' title='bbox 859 119 956 164; x_wconf 87' lang='lat' dir='ltr'><em>TA</em></span> <span class='ocrx_word' id='word_1_5' title='bbox 969 117 1067 165; x_wconf 83' lang='grc' dir='ltr'><em>Γο</em></span> <span class='ocrx_word' id='word_1_6' title='bbox 1083 118 1176 164; x_wconf 79' lang='grc' dir='ltr'><em>ΡΑ</em></span> <span class='ocrx_word' id='word_1_7' title='bbox 1187 118 1245 163; x_wconf 81' lang='grc' dir='ltr'><em>Σ.</em></span> <span class='ocrx_word' id='word_1_8' title='bbox 1703 113 1804 164; x_wconf 80' lang='lat'><em>139</em></span> 
     </span>
    </p>
   </div>
   <div class='ocr_carea' id='block_1_2' title="bbox 0 237 1861 2871">
    <p class='ocr_par' dir='ltr' id='par_1_2' title="bbox 0 237 1857 1311">
     <span class='ocr_line' id='line_1_2' title="bbox 46 237 1804 322; baseline -0.005 -13"><span class='ocrx_word' id='word_1_9' title='bbox 46 237 51 257; x_wconf 60' lang='grc'>’</span> <span class='ocrx_word' id='word_1_10' title='bbox 123 252 527 322; x_wconf 87' lang='grc' dir='ltr'><em>Πρωταγόραν;</em></span> <span class='ocrx_word' id='word_1_11' title='bbox 565 252 653 306; x_wconf 85' lang='grc' dir='ltr'><em>καὶ</em></span> <span class='ocrx_word' id='word_1_12' title='bbox 686 247 746 314; x_wconf 85' lang='grc' dir='ltr'><em>ὃς</em></span> <span class='ocrx_word' id='word_1_13' title='bbox 770 248 923 305; x_wconf 80' lang='grc' dir='ltr'><em>εἶπεν</em></span> <span class='ocrx_word' id='word_1_14' title='bbox 954 247 1297 317; x_wconf 77' lang='grc' dir='ltr'><em>ἐρυθριάσας</em></span> <span class='ocrx_word' id='word_1_15' title='bbox 1319 281 1382 290; x_wconf 89' lang='grc'><strong>-</strong></span> <span class='ocrx_word' id='word_1_16' title='bbox 1407 246 1513 318; x_wconf 83' lang='grc' dir='ltr'><em>ἤδη</em></span> <span class='ocrx_word' id='word_1_17' title='bbox 1534 246 1640 318; x_wconf 84' lang='grc' dir='ltr'><em>γὰρ</em></span> <span class='ocrx_word' id='word_1_18' title='bbox 1663 246 1804 302; x_wconf 85' lang='grc' dir='ltr'><em>ὑπέ-</em></span> 
     </span>
     <span class='ocr_line' id='line_1_3' title="bbox 2 327 1804 405; baseline -0.006 -11"><span class='ocrx_word' id='word_1_19' title='bbox 2 383 9 398; x_wconf 86' lang='grc'><em>,</em></span> <span class='ocrx_word' id='word_1_20' title='bbox 122 335 291 405; x_wconf 87' lang='grc' dir='ltr'><em>φαινέ</em></span> <span class='ocrx_word' id='word_1_21' title='bbox 304 355 356 388; x_wconf 90' lang='grc' dir='ltr'><em>τι</em></span> <span class='ocrx_word' id='word_1_22' title='bbox 373 330 604 404; x_wconf 80' lang='grc' dir='ltr'><em>ἡμέρας,</em></span> <span class='ocrx_word' id='word_1_23' title='bbox 647 330 787 386; x_wconf 72' lang='grc' dir='ltr'><em>ὥστε</em></span> <span class='ocrx_word' id='word_1_24' title='bbox 817 336 1112 402; x_wconf 81' lang='grc' dir='ltr'><em>καταφανῆ</em></span> <span class='ocrx_word' id='word_1_25' title='bbox 1139 327 1313 385; x_wconf 84' lang='grc' dir='ltr'><em>αὐτὸν</em></span> <span class='ocrx_word' id='word_1_26' title='bbox 1341 332 1605 399; x_wconf 85' lang='grc' dir='ltr'><em>γενέσθαι</em></span> <span class='ocrx_word' id='word_1_27' title='bbox 1633 363 1705 371; x_wconf 92' lang='grc'>-</span> <span class='ocrx_word' id='word_1_28' title='bbox 1732 335 1804 384; x_wconf 80' lang='lat' dir='ltr'><em>Ec</em></span> 
     </span>
     <span class='ocr_line' id='line_1_4' title="bbox 36 410 1800 487; baseline -0.003 -14"><span class='ocrx_word' id='word_1_29' title='bbox 36 469 38 474; x_wconf 90' lang='lat'><em>.</em></span> <span class='ocrx_word' id='word_1_30' title='bbox 120 420 223 487; x_wconf 85' lang='grc' dir='ltr'><em>μέν</em></span> <span class='ocrx_word' id='word_1_31' title='bbox 242 439 292 472; x_wconf 88' lang='grc' dir='ltr'><em>τι</em></span> <span class='ocrx_word' id='word_1_32' title='bbox 313 428 426 479; x_wconf 83' lang='grc' dir='ltr'><em>τοῖς</em></span> <span class='ocrx_word' id='word_1_33' title='bbox 446 421 769 485; x_wconf 84' lang='grc' dir='ltr'><em>ἔμπροσθεν</em></span> <span class='ocrx_word' id='word_1_34' title='bbox 787 418 932 469; x_wconf 84' lang='grc' dir='ltr'><em>ἔοικε</em></span> <span class='ocrx_word' id='word_1_35' title='bbox 947 457 961 482; x_wconf 89' lang='grc'><em>,</em></span> <span class='ocrx_word' id='word_1_36' title='bbox 984 418 1156 484; x_wconf 82' lang='grc' dir='ltr'><em>δῆλον</em></span> <span class='ocrx_word' id='word_1_37' title='bbox 1175 411 1260 467; x_wconf 81' lang='grc' dir='ltr'><em>ὅτι</em></span> <span class='ocrx_word' id='word_1_38' title='bbox 1278 410 1546 484; x_wconf 88' lang='grc' dir='ltr'><em>σοφιστὴς</em></span> <span class='ocrx_word' id='word_1_39' title='bbox 1561 412 1800 484; x_wconf 82' lang='grc' dir='ltr'><em>γενησό-</em></span> 
     </span>
     <span class='ocr_line' id='line_1_5' title="bbox 0 488 1797 571; baseline -0.002 -17"><span class='ocrx_word' id='word_1_40' title='bbox 0 488 6 566; x_wconf 45' lang='grc' dir='ltr'>ζ</span> <span class='ocrx_word' id='word_1_41' title='bbox 60 565 61 570; x_wconf 12' lang='lat'>¹</span> <span class='ocrx_word' id='word_1_42' title='bbox 121 520 299 571; x_wconf 88' lang='grc' dir='ltr'><em>μενος.</em></span> <span class='ocrx_word' id='word_1_43' title='bbox 359 496 448 552; x_wconf 78' lang='grc' dir='ltr'><em>Σὺ</em></span> <span class='ocrx_word' id='word_1_44' title='bbox 470 501 553 563; x_wconf 88' lang='grc' dir='ltr'><em>δέ,</em></span> <span class='ocrx_word' id='word_1_45' title='bbox 584 491 654 567; x_wconf 88' lang='grc' dir='ltr'><em>ἦν</em></span> <span class='ocrx_word' id='word_1_46' title='bbox 672 494 723 550; x_wconf 85' lang='grc' dir='ltr'><em>δ’</em></span> <span class='ocrx_word' id='word_1_47' title='bbox 747 496 884 565; x_wconf 88' lang='grc' dir='ltr'><em>έγω’,</em></span> <span class='ocrx_word' id='word_1_48' title='bbox 917 494 1055 566; x_wconf 86' lang='grc' dir='ltr'><em>πρὸς</em></span> <span class='ocrx_word' id='word_1_49' title='bbox 1074 501 1254 564; x_wconf 81' lang='grc' dir='ltr'><em>θεῶν,</em></span> <span class='ocrx_word' id='word_1_50' title='bbox 1293 495 1396 550; x_wconf 82' lang='grc' dir='ltr'><em>οὐκ</em></span> <span class='ocrx_word' id='word_1_51' title='bbox 1424 491 1495 550; x_wconf 76' lang='grc' dir='ltr'><em>ὅὶν</em></span> <span class='ocrx_word' id='word_1_52' title='bbox 1513 497 1797 567; x_wconf 81' lang='grc' dir='ltr'><em>αἰσχύνοιο</em></span> 
     </span>
     <span class='ocr_line' id='line_1_6' title="bbox 121 576 1796 650; baseline -0.003 -11"><span class='ocrx_word' id='word_1_53' title='bbox 121 586 197 648; x_wconf 79' lang='grc' dir='ltr'><em>εἰς</em></span> <span class='ocrx_word' id='word_1_54' title='bbox 214 579 615 650; x_wconf 80' lang='grc' dir='ltr'><em>τούςἝλληνας</em></span> <span class='ocrx_word' id='word_1_55' title='bbox 633 576 806 633; x_wconf 80' lang='grc' dir='ltr'><em>αὑτὸν</em></span> <span class='ocrx_word' id='word_1_56' title='bbox 826 580 1100 648; x_wconf 83' lang='grc' dir='ltr'><em>σοφιστὴν</em></span> <span class='ocrx_word' id='word_1_57' title='bbox 1118 581 1402 648; x_wconf 86' lang='grc' dir='ltr'><em>παρέχων;</em></span> <span class='ocrx_word' id='word_1_58' title='bbox 1431 576 1524 649; x_wconf 83' lang='grc' dir='ltr'><em>Νὴ</em></span> <span class='ocrx_word' id='word_1_59' title='bbox 1550 579 1649 634; x_wconf 86' lang='grc' dir='ltr'><em>τὸν</em></span> <span class='ocrx_word' id='word_1_60' title='bbox 1668 585 1796 646; x_wconf 85' lang='grc' dir='ltr'><em>Δία,</em></span> 
     </span>
     <span class='ocr_line' id='line_1_7' title="bbox 125 658 1796 731; baseline -0.003 -9"><span class='ocrx_word' id='word_1_61' title='bbox 125 661 167 722; x_wconf 78' lang='grc' dir='ltr'><em>ὦ</em></span> <span class='ocrx_word' id='word_1_62' title='bbox 201 664 521 730; x_wconf 75' lang='grc' dir='ltr'><em>Σώκρατες,</em></span> <span class='ocrx_word' id='word_1_63' title='bbox 564 668 717 730; x_wconf 76' lang='grc' dir='ltr'><em>εἴπερ</em></span> <span class='ocrx_word' id='word_1_64' title='bbox 751 682 812 731; x_wconf 88' lang='grc' dir='ltr'><em>γε</em></span> <span class='ocrx_word' id='word_1_65' title='bbox 843 658 877 715; x_wconf 76' lang='grc' dir='ltr'><em>ἃ</em></span> <span class='ocrx_word' id='word_1_66' title='bbox 911 664 1240 730; x_wconf 87' lang='grc' dir='ltr'><em>διανοοῦμαι</em></span> <span class='ocrx_word' id='word_1_67' title='bbox 1275 659 1376 730; x_wconf 88' lang='grc' dir='ltr'><em>χρὴ</em></span> <span class='ocrx_word' id='word_1_68' title='bbox 1414 664 1608 730; x_wconf 84' lang='grc' dir='ltr'><em>λέγειν.</em></span> <span class='ocrx_word' id='word_1_69' title='bbox 1657 659 1796 717; x_wconf 87' lang='grc' dir='ltr'><em>Ἀλλ’</em></span> 
     </span>
     <span class='ocr_line' id='line_1_8' title="bbox 24 739 1798 815; baseline -0.003 -12"><span class='ocrx_word' id='word_1_70' title='bbox 24 751 30 765; x_wconf 80' lang='grc'>’</span> <span class='ocrx_word' id='word_1_71' title='bbox 56 747 57 750; x_wconf 38' lang='grc'><strong>“</strong></span> <span class='ocrx_word' id='word_1_72' title='bbox 121 747 258 815; x_wconf 77' lang='grc' dir='ltr'><em>ἄρα,</em></span> <span class='ocrx_word' id='word_1_73' title='bbox 302 740 344 800; x_wconf 76' lang='grc' dir='ltr'><em>ὦ</em></span> <span class='ocrx_word' id='word_1_74' title='bbox 373 743 751 812; x_wconf 86' lang='grc' dir='ltr'><em>Ἱππόκρατες,</em></span> <span class='ocrx_word' id='word_1_75' title='bbox 791 739 863 813; x_wconf 83' lang='grc' dir='ltr'><em>μὴ</em></span> <span class='ocrx_word' id='word_1_76' title='bbox 889 739 958 796; x_wconf 86' lang='grc' dir='ltr'><em>οὐ</em></span> <span class='ocrx_word' id='word_1_77' title='bbox 986 742 1247 810; x_wconf 81' lang='grc' dir='ltr'><em>τοιαύτην</em></span> <span class='ocrx_word' id='word_1_78' title='bbox 1266 739 1676 812; x_wconf 76' lang='grc' dir='ltr'><em>ὑπολαμβάνεις</em></span> <span class='ocrx_word' id='word_1_79' title='bbox 1694 760 1798 798; x_wconf 91' lang='grc' dir='ltr'><em>σου</em></span> 
     </span>
     <span class='ocr_line' id='line_1_9' title="bbox 121 820 1857 900; baseline -0.002 -17"><span class='ocrx_word' id='word_1_80' title='bbox 121 828 223 900; x_wconf 83' lang='grc' dir='ltr'><em>τὴν</em></span> <span class='ocrx_word' id='word_1_81' title='bbox 244 827 391 896; x_wconf 86' lang='grc' dir='ltr'><em>παρὰ</em></span> <span class='ocrx_word' id='word_1_82' title='bbox 411 822 792 892; x_wconf 81' lang='grc' dir='ltr'><em>Πρωταγόρου</em></span> <span class='ocrx_word' id='word_1_83' title='bbox 821 822 1074 892; x_wconf 84' lang='grc' dir='ltr'><em>μάθησιν</em></span> <span class='ocrx_word' id='word_1_84' title='bbox 1103 825 1356 892; x_wconf 83' lang='grc' dir='ltr'><em>ἔσεσθαι,</em></span> <span class='ocrx_word' id='word_1_85' title='bbox 1396 820 1510 877; x_wconf 73' lang='grc' dir='ltr'><em>ἀλλ’</em></span> <span class='ocrx_word' id='word_1_86' title='bbox 1531 826 1618 877; x_wconf 81' lang='grc' dir='ltr'><em>οἵα</em></span> <span class='ocrx_word' id='word_1_87' title='bbox 1649 823 1796 893; x_wconf 77' lang='grc' dir='ltr'><em>παρὰ</em></span> <span class='ocrx_word' id='word_1_88' title='bbox 1825 828 1857 870; x_wconf 83' lang='lat' dir='ltr'>B</span> 
     </span>
     <span class='ocr_line' id='line_1_10' title="bbox 122 904 1798 979; baseline -0.003 -14"><span class='ocrx_word' id='word_1_89' title='bbox 122 916 222 965; x_wconf 89' lang='grc' dir='ltr'><em>τοῦ</em></span> <span class='ocrx_word' id='word_1_90' title='bbox 243 911 655 979; x_wconf 80' lang='grc' dir='ltr'><em>γραμματιστοῦ</em></span> <span class='ocrx_word' id='word_1_91' title='bbox 675 907 887 974; x_wconf 85' lang='grc' dir='ltr'><em>ἐγένετο</em></span> <span class='ocrx_word' id='word_1_92' title='bbox 919 904 1010 958; x_wconf 84' lang='grc' dir='ltr'><em>καὶ</em></span> <span class='ocrx_word' id='word_1_93' title='bbox 1039 910 1371 971; x_wconf 82' lang='grc' dir='ltr'><em>κιθαριστοῦ</em></span> <span class='ocrx_word' id='word_1_94' title='bbox 1391 907 1482 959; x_wconf 85' lang='grc' dir='ltr'><em>καὶ</em></span> <span class='ocrx_word' id='word_1_95' title='bbox 1513 908 1798 975; x_wconf 86' lang='grc' dir='ltr'><em>παιδοτρί-</em></span> 
     </span>
     <span class='ocr_line' id='line_1_11' title="bbox 118 984 1798 1065; baseline -0.002 -18"><span class='ocrx_word' id='word_1_96' title='bbox 118 999 252 1065; x_wconf 78' lang='grc' dir='ltr'><em>βους</em></span> <span class='ocrx_word' id='word_1_97' title='bbox 290 991 506 1046; x_wconf 87' lang='grc' dir='ltr'><em>τούτων</em></span> <span class='ocrx_word' id='word_1_98' title='bbox 531 986 639 1059; x_wconf 77' lang='grc' dir='ltr'><em>γὰρ</em></span> <span class='ocrx_word' id='word_1_99' title='bbox 669 987 740 1042; x_wconf 83' lang='grc' dir='ltr'><strong>σύ</strong></span> <span class='ocrx_word' id='word_1_100' title='bbox 772 988 1007 1057; x_wconf 81' lang='grc' dir='ltr'><em>ἑκάστην</em></span> <span class='ocrx_word' id='word_1_101' title='bbox 1035 984 1140 1041; x_wconf 82' lang='grc' dir='ltr'><em>οὐκ</em></span> <span class='ocrx_word' id='word_1_102' title='bbox 1162 988 1248 1041; x_wconf 82' lang='grc' dir='ltr'><em>ἐπὶ</em></span> <span class='ocrx_word' id='word_1_103' title='bbox 1277 989 1436 1060; x_wconf 83' lang='grc' dir='ltr'><em>τέχνῃ</em></span> <span class='ocrx_word' id='word_1_104' title='bbox 1455 993 1686 1060; x_wconf 80' lang='grc' dir='ltr'><em>ἔμαθες,</em></span> <span class='ocrx_word' id='word_1_105' title='bbox 1725 987 1798 1054; x_wconf 79' lang='grc' dir='ltr'><em>ὡς</em></span> 
     </span>
     <span class='ocr_line' id='line_1_12' title="bbox 21 1069 1796 1148; baseline -0.003 -13"><span class='ocrx_word' id='word_1_106' title='bbox 21 1087 30 1135; x_wconf 72' lang='grc' dir='ltr'><em>ι’</em></span> <span class='ocrx_word' id='word_1_107' title='bbox 121 1075 454 1148; x_wconf 82' lang='grc' dir='ltr'><em>δημιουργὸς</em></span> <span class='ocrx_word' id='word_1_108' title='bbox 480 1073 768 1143; x_wconf 82' lang='grc' dir='ltr'><em>ἐσόμενος,</em></span> <span class='ocrx_word' id='word_1_109' title='bbox 806 1069 920 1127; x_wconf 79' lang='grc' dir='ltr'><em>ἀλλ’</em></span> <span class='ocrx_word' id='word_1_110' title='bbox 947 1072 1034 1127; x_wconf 84' lang='grc' dir='ltr'><em>ἐπὶ</em></span> <span class='ocrx_word' id='word_1_111' title='bbox 1063 1074 1309 1143; x_wconf 78' lang='grc' dir='ltr'><em>παιδείᾳ,</em></span> <span class='ocrx_word' id='word_1_112' title='bbox 1350 1069 1423 1134; x_wconf 80' lang='grc' dir='ltr'><em>ὦς</em></span> <span class='ocrx_word' id='word_1_113' title='bbox 1451 1071 1551 1127; x_wconf 82' lang='grc' dir='ltr'><em>τὸν</em></span> <span class='ocrx_word' id='word_1_114' title='bbox 1571 1072 1796 1145; x_wconf 72' lang='grc' dir='ltr'><em>ἰδιώτην</em></span> 
     </span>
     <span class='ocr_line' id='line_1_13' title="bbox 120 1147 1793 1227; baseline -0.002 -12"><span class='ocrx_word' id='word_1_115' title='bbox 120 1161 211 1216; x_wconf 81' lang='grc' dir='ltr'><em>καὶ</em></span> <span class='ocrx_word' id='word_1_116' title='bbox 228 1157 329 1214; x_wconf 85' lang='grc' dir='ltr'><em>τὸν</em></span> <span class='ocrx_word' id='word_1_117' title='bbox 348 1156 654 1223; x_wconf 81' lang='grc' dir='ltr'><em>ἐλεύθερον</em></span> <span class='ocrx_word' id='word_1_118' title='bbox 674 1157 880 1223; x_wconf 85' lang='grc' dir='ltr'><em>πρέπει.</em></span> <span class='ocrx_word' id='word_1_119' title='bbox 922 1154 1088 1209; x_wconf 88' lang='grc' dir='ltr'><em>Πάνυ</em></span> <span class='ocrx_word' id='word_1_120' title='bbox 1107 1153 1207 1224; x_wconf 77' lang='grc' dir='ltr'><em>μὲν</em></span> <span class='ocrx_word' id='word_1_121' title='bbox 1228 1147 1335 1210; x_wconf 79' lang='grc' dir='ltr'><em>οὖν</em></span> <span class='ocrx_word' id='word_1_122' title='bbox 1358 1177 1452 1225; x_wconf 91' lang='grc' dir='ltr'><em>μοι</em></span> <span class='ocrx_word' id='word_1_123' title='bbox 1472 1159 1647 1226; x_wconf 80' lang='grc' dir='ltr'><em>δοκεῖ,</em></span> <span class='ocrx_word' id='word_1_124' title='bbox 1670 1160 1793 1227; x_wconf 82' lang='grc' dir='ltr'><em>ἔφη,</em></span> 
     </span>
     <span class='ocr_line' id='line_1_14' title="bbox 119 1234 1634 1311; baseline -0.004 -13"><span class='ocrx_word' id='word_1_125' title='bbox 119 1241 344 1311; x_wconf 85' lang='grc' dir='ltr'><em>τοιαύτη</em></span> <span class='ocrx_word' id='word_1_126' title='bbox 364 1245 574 1310; x_wconf 83' lang='grc' dir='ltr'><em>μᾶλλον</em></span> <span class='ocrx_word' id='word_1_127' title='bbox 596 1234 785 1306; x_wconf 79' lang='grc' dir='ltr'><em>εἶναιῆ</em></span> <span class='ocrx_word' id='word_1_128' title='bbox 807 1234 954 1304; x_wconf 75' lang='grc' dir='ltr'><em>παρὰ</em></span> <span class='ocrx_word' id='word_1_129' title='bbox 974 1236 1359 1306; x_wconf 86' lang='grc' dir='ltr'><em>Πρωταγόρου</em></span> <span class='ocrx_word' id='word_1_130' title='bbox 1377 1236 1634 1308; x_wconf 83' lang='grc' dir='ltr'><em>μάθησις.</em></span> 
     </span>
    </p>

    <p class='ocr_par' dir='ltr' id='par_1_3' title="bbox 112 1313 1861 2871">
     <span class='ocr_line' id='line_1_15' title="bbox 261 1313 1796 1390; baseline -0.002 -12"><span class='ocrx_word' id='word_1_131' title='bbox 261 1328 347 1378; x_wconf 84' lang='lat' dir='ltr'><em>lv.</em></span> <span class='ocrx_word' id='word_1_132' title='bbox 424 1319 608 1376; x_wconf 80' lang='grc' dir='ltr'><em>Οἶσθα</em></span> <span class='ocrx_word' id='word_1_133' title='bbox 639 1313 744 1373; x_wconf 82' lang='grc' dir='ltr'><em>οὖν</em></span> <span class='ocrx_word' id='word_1_134' title='bbox 763 1316 795 1373; x_wconf 83' lang='grc' dir='ltr'><em>ὂ</em></span> <span class='ocrx_word' id='word_1_135' title='bbox 813 1320 1025 1389; x_wconf 80' lang='grc' dir='ltr'><em>μέλλεις</em></span> <span class='ocrx_word' id='word_1_136' title='bbox 1049 1325 1156 1373; x_wconf 91' lang='grc' dir='ltr'><em>νῦν</em></span> <span class='ocrx_word' id='word_1_137' title='bbox 1186 1319 1474 1390; x_wconf 89' lang='grc' dir='ltr'><em>πράττειν,</em></span> <span class='ocrx_word' id='word_1_138' title='bbox 1512 1319 1549 1390; x_wconf 84' lang='grc' dir='ltr'>ἥ</span> <span class='ocrx_word' id='word_1_139' title='bbox 1579 1336 1639 1375; x_wconf 92' lang='grc' dir='ltr'><em>σε</em></span> <span class='ocrx_word' id='word_1_140' title='bbox 1659 1327 1796 1375; x_wconf 80' lang='grc' dir='ltr'><em>λαν-</em></span> 
     </span>
     <span class='ocr_line' id='line_1_16' title="bbox 119 1397 1796 1475; baseline -0.002 -14"><span class='ocrx_word' id='word_1_141' title='bbox 119 1404 316 1470; x_wconf 54' lang='lat' dir='ltr'><em>&amp;civem</em></span> <span class='ocrx_word' id='word_1_142' title='bbox 350 1397 421 1475; x_wconf 84' lang='grc' dir='ltr'><em>ἦν</em></span> <span class='ocrx_word' id='word_1_143' title='bbox 445 1400 496 1457; x_wconf 83' lang='grc' dir='ltr'><em>δ’</em></span> <span class='ocrx_word' id='word_1_144' title='bbox 521 1401 645 1471; x_wconf 77' lang='grc' dir='ltr'><em>ἐγώ.</em></span> <span class='ocrx_word' id='word_1_145' title='bbox 687 1407 800 1456; x_wconf 90' lang='grc' dir='ltr'><em>Τοῦ</em></span> <span class='ocrx_word' id='word_1_146' title='bbox 820 1401 970 1468; x_wconf 87' lang='grc' dir='ltr'><em>πέρι;</em></span> <span class='ocrx_word' id='word_1_147' title='bbox 1006 1399 1122 1456; x_wconf 84' lang='grc' dir='ltr'><em>Ὅτι</em></span> <span class='ocrx_word' id='word_1_148' title='bbox 1140 1405 1354 1472; x_wconf 84' lang='grc' dir='ltr'><em>μέλλεις</em></span> <span class='ocrx_word' id='word_1_149' title='bbox 1371 1400 1474 1474; x_wconf 79' lang='grc' dir='ltr'><em>τὴν</em></span> <span class='ocrx_word' id='word_1_150' title='bbox 1493 1401 1676 1474; x_wconf 83' lang='grc' dir='ltr'><em>ψυχὴν</em></span> <span class='ocrx_word' id='word_1_151' title='bbox 1695 1402 1796 1473; x_wconf 82' lang='grc' dir='ltr'><em>τὴν</em></span> 
     </span>
     <span class='ocr_line' id='line_1_17' title="bbox 120 1480 1861 1559; baseline -0.002 -14"><span class='ocrx_word' id='word_1_152' title='bbox 120 1495 332 1546; x_wconf 90' lang='grc' dir='ltr'><em>σαυτοῦ</em></span> <span class='ocrx_word' id='word_1_153' title='bbox 351 1497 651 1556; x_wconf 84' lang='grc' dir='ltr'><em>παρασχεῖν</em></span> <span class='ocrx_word' id='word_1_154' title='bbox 669 1490 1014 1553; x_wconf 85' lang='grc' dir='ltr'><em>θεραπεῦσαι</em></span> <span class='ocrx_word' id='word_1_155' title='bbox 1044 1482 1231 1554; x_wconf 80' lang='grc' dir='ltr'><em>ἀνδρί,</em></span> <span class='ocrx_word' id='word_1_156' title='bbox 1266 1480 1337 1549; x_wconf 75' lang='grc' dir='ltr'><em>ὥς</em></span> <span class='ocrx_word' id='word_1_157' title='bbox 1356 1485 1492 1556; x_wconf 84' lang='grc' dir='ltr'><em>φῄς,</em></span> <span class='ocrx_word' id='word_1_158' title='bbox 1531 1491 1793 1559; x_wconf 82' lang='grc' dir='ltr'><em>σοφιστῇ·</em></span> <span class='ocrx_word' id='word_1_159' title='bbox 1827 1489 1861 1533; x_wconf 73' lang='lat' dir='ltr'><em>C·</em></span> 
     </span>
     <span class='ocr_line' id='line_1_18' title="bbox 119 1562 1792 1637; baseline -0.002 -12"><span class='ocrx_word' id='word_1_160' title='bbox 119 1569 154 1625; x_wconf 83' lang='grc' dir='ltr'>ὅ</span> <span class='ocrx_word' id='word_1_161' title='bbox 190 1592 240 1625; x_wconf 93' lang='grc' dir='ltr'><em>τι</em></span> <span class='ocrx_word' id='word_1_162' title='bbox 277 1571 341 1625; x_wconf 85' lang='grc' dir='ltr'><em>δέ</em></span> <span class='ocrx_word' id='word_1_163' title='bbox 373 1589 502 1623; x_wconf 88' lang='grc' dir='ltr'><em>ποτε</em></span> <span class='ocrx_word' id='word_1_164' title='bbox 540 1564 568 1622; x_wconf 87' lang='grc' dir='ltr'>ὁ</span> <span class='ocrx_word' id='word_1_165' title='bbox 602 1566 867 1637; x_wconf 87' lang='grc' dir='ltr'><em>σοφιστής</em></span> <span class='ocrx_word' id='word_1_166' title='bbox 896 1567 1035 1636; x_wconf 84' lang='grc' dir='ltr'><em>ἐστι,</em></span> <span class='ocrx_word' id='word_1_167' title='bbox 1078 1565 1405 1636; x_wconf 75' lang='grc' dir='ltr'><em>θαυμάζοιμ’</em></span> <span class='ocrx_word' id='word_1_168' title='bbox 1432 1562 1502 1622; x_wconf 72' lang='grc' dir='ltr'><em>ἂν</em></span> <span class='ocrx_word' id='word_1_169' title='bbox 1534 1572 1585 1622; x_wconf 84' lang='grc' dir='ltr'><em>εί</em></span> <span class='ocrx_word' id='word_1_170' title='bbox 1611 1566 1792 1622; x_wconf 80' lang='grc' dir='ltr'><em>οἶσθα.</em></span> 
     </span>
     <span class='ocr_line' id='line_1_19' title="bbox 120 1646 1795 1723; baseline -0.001 -16"><span class='ocrx_word' id='word_1_171' title='bbox 120 1658 296 1707; x_wconf 82' lang='grc' dir='ltr'><em>καίτοι</em></span> <span class='ocrx_word' id='word_1_172' title='bbox 326 1655 377 1706; x_wconf 83' lang='grc' dir='ltr'><em>εἰ</em></span> <span class='ocrx_word' id='word_1_173' title='bbox 404 1646 546 1704; x_wconf 88' lang='grc' dir='ltr'><em>τοῦτ’</em></span> <span class='ocrx_word' id='word_1_174' title='bbox 579 1647 823 1719; x_wconf 81' lang='grc' dir='ltr'><em>ἀγνοεῖς,</em></span> <span class='ocrx_word' id='word_1_175' title='bbox 862 1646 992 1704; x_wconf 78' lang='grc' dir='ltr'><em>οὐδὲ</em></span> <span class='ocrx_word' id='word_1_176' title='bbox 1024 1648 1131 1723; x_wconf 80' lang='grc' dir='ltr'><em>ὅτῳ</em></span> <span class='ocrx_word' id='word_1_177' title='bbox 1158 1653 1472 1717; x_wconf 79' lang='grc' dir='ltr'><em>παραδίδως</em></span> <span class='ocrx_word' id='word_1_178' title='bbox 1490 1648 1591 1721; x_wconf 81' lang='grc' dir='ltr'><em>τὴν</em></span> <span class='ocrx_word' id='word_1_179' title='bbox 1611 1649 1795 1721; x_wconf 86' lang='grc' dir='ltr'><em>ψυχὴν</em></span> 
     </span>
     <span class='ocr_line' id='line_1_20' title="bbox 119 1729 1791 1805; baseline -0.001 -16"><span class='ocrx_word' id='word_1_180' title='bbox 119 1732 313 1801; x_wconf 79' lang='grc' dir='ltr'><em>οἶσθα,</em></span> <span class='ocrx_word' id='word_1_181' title='bbox 351 1729 467 1787; x_wconf 82' lang='grc' dir='ltr'><em>οὔτ’</em></span> <span class='ocrx_word' id='word_1_182' title='bbox 488 1736 538 1787; x_wconf 85' lang='grc' dir='ltr'><em>εἰ</em></span> <span class='ocrx_word' id='word_1_183' title='bbox 563 1729 763 1804; x_wconf 79' lang='grc' dir='ltr'><em>ἀγαθῷ</em></span> <span class='ocrx_word' id='word_1_184' title='bbox 793 1729 907 1786; x_wconf 78' lang='grc' dir='ltr'><em>οὔτ’</em></span> <span class='ocrx_word' id='word_1_185' title='bbox 927 1735 979 1786; x_wconf 83' lang='grc' dir='ltr'><em>εί</em></span> <span class='ocrx_word' id='word_1_186' title='bbox 1004 1737 1157 1805; x_wconf 79' lang='grc' dir='ltr'><em>κακῷ</em></span> <span class='ocrx_word' id='word_1_187' title='bbox 1188 1731 1481 1803; x_wconf 89' lang='grc' dir='ltr'><em>πράγματι.</em></span> <span class='ocrx_word' id='word_1_188' title='bbox 1542 1731 1714 1804; x_wconf 88' lang='grc' dir='ltr'><em>Οἶμαί</em></span> <span class='ocrx_word' id='word_1_189' title='bbox 1725 1731 1791 1804; x_wconf 89' lang='grc' dir='ltr'><em>γ’,</em></span> 
     </span>
     <span class='ocr_line' id='line_1_21' title="bbox 119 1810 1790 1887; baseline -0.001 -16"><span class='ocrx_word' id='word_1_190' title='bbox 119 1819 251 1885; x_wconf 75' lang='grc' dir='ltr'><em>ἔφη,</em></span> <span class='ocrx_word' id='word_1_191' title='bbox 272 1816 489 1870; x_wconf 84' lang='grc' dir='ltr'><em>εἰδέναι.</em></span> <span class='ocrx_word' id='word_1_192' title='bbox 545 1817 682 1883; x_wconf 88' lang='grc' dir='ltr'><em>Λέγε</em></span> <span class='ocrx_word' id='word_1_193' title='bbox 707 1812 803 1883; x_wconf 81' lang='grc' dir='ltr'><em>δή,</em></span> <span class='ocrx_word' id='word_1_194' title='bbox 836 1817 890 1867; x_wconf 87' lang='grc' dir='ltr'><em>τί</em></span> <span class='ocrx_word' id='word_1_195' title='bbox 902 1810 1022 1883; x_wconf 82' lang='grc' dir='ltr'><em>ἡγεῖ</em></span> <span class='ocrx_word' id='word_1_196' title='bbox 1041 1811 1182 1868; x_wconf 86' lang='grc' dir='ltr'><em>εἶναι</em></span> <span class='ocrx_word' id='word_1_197' title='bbox 1200 1811 1300 1869; x_wconf 85' lang='grc' dir='ltr'><em>τὸν</em></span> <span class='ocrx_word' id='word_1_198' title='bbox 1319 1816 1619 1887; x_wconf 86' lang='grc' dir='ltr'><em>σοφιστήν;</em></span> <span class='ocrx_word' id='word_1_199' title='bbox 1657 1812 1790 1885; x_wconf 74' lang='grc' dir='ltr'><em>Ἐγώ</em></span> 
     </span>
     <span class='ocr_line' id='line_1_22' title="bbox 116 1890 1796 1969; baseline 0.002 -17"><span class='ocrx_word' id='word_1_200' title='bbox 116 1901 235 1969; x_wconf 87' lang='grc' dir='ltr'><em>μέν,</em></span> <span class='ocrx_word' id='word_1_201' title='bbox 256 1890 289 1967; x_wconf 88' lang='grc' dir='ltr'><strong><em>ἦ</em></strong></span> <span class='ocrx_word' id='word_1_202' title='bbox 312 1894 364 1952; x_wconf 84' lang='grc' dir='ltr'><em>δ’</em></span> <span class='ocrx_word' id='word_1_203' title='bbox 388 1895 466 1967; x_wconf 78' lang='grc' dir='ltr'><em>ὃς,</em></span> <span class='ocrx_word' id='word_1_204' title='bbox 489 1895 674 1965; x_wconf 69' lang='grc' dir='ltr'><em>ὥσπερ</em></span> <span class='ocrx_word' id='word_1_205' title='bbox 699 1894 951 1966; x_wconf 77' lang='grc' dir='ltr'><em>τοῦνομα</em></span> <span class='ocrx_word' id='word_1_206' title='bbox 971 1897 1116 1967; x_wconf 82' lang='grc' dir='ltr'><em>λέγει</em></span> <span class='ocrx_word' id='word_1_207' title='bbox 1134 1940 1149 1967; x_wconf 91' lang='grc'><em>,</em></span> <span class='ocrx_word' id='word_1_208' title='bbox 1189 1905 1389 1953; x_wconf 90' lang='grc' dir='ltr'><em>τοῦτον</em></span> <span class='ocrx_word' id='word_1_209' title='bbox 1409 1898 1547 1954; x_wconf 84' lang='grc' dir='ltr'><em>εἶναι</em></span> <span class='ocrx_word' id='word_1_210' title='bbox 1565 1897 1665 1954; x_wconf 83' lang='grc' dir='ltr'><em>τὸν</em></span> <span class='ocrx_word' id='word_1_211' title='bbox 1684 1906 1796 1954; x_wconf 76' lang='grc' dir='ltr'><em>τῶν</em></span> 
     </span>
     <span class='ocr_line' id='line_1_23' title="bbox 117 1972 1795 2050; baseline 0.001 -15"><span class='ocrx_word' id='word_1_212' title='bbox 117 1985 314 2050; x_wconf 74' lang='grc' dir='ltr'><em>σοφῶν</em></span> <span class='ocrx_word' id='word_1_213' title='bbox 333 1977 684 2049; x_wconf 79' lang='grc' dir='ltr'><em>ἐπιστήμονα.</em></span> <span class='ocrx_word' id='word_1_214' title='bbox 741 1975 999 2048; x_wconf 81' lang='grc' dir='ltr'><em>Οὐκοῦν,</em></span> <span class='ocrx_word' id='word_1_215' title='bbox 1037 1972 1111 2050; x_wconf 79' lang='grc' dir='ltr'><em>ἦν</em></span> <span class='ocrx_word' id='word_1_216' title='bbox 1143 1977 1192 2033; x_wconf 92' lang='grc' dir='ltr'><em>δ’</em></span> <span class='ocrx_word' id='word_1_217' title='bbox 1219 1980 1351 2049; x_wconf 72' lang='grc' dir='ltr'><em>ἐγώ,</em></span> <span class='ocrx_word' id='word_1_218' title='bbox 1392 1986 1556 2036; x_wconf 86' lang='grc' dir='ltr'><em>τοῦτο</em></span> <span class='ocrx_word' id='word_1_219' title='bbox 1587 1980 1689 2050; x_wconf 77' lang='grc' dir='ltr'><em>μὲν</em></span> <span class='ocrx_word' id='word_1_220' title='bbox 1710 1983 1795 2046; x_wconf 81' lang='grc' dir='ltr'><em>ἕξ-</em></span> 
     </span>
     <span class='ocr_line' id='line_1_24' title="bbox 118 2060 1796 2133; baseline 0.001 -18"><span class='ocrx_word' id='word_1_221' title='bbox 118 2077 234 2115; x_wconf 77' lang='grc' dir='ltr'><em>εστι</em></span> <span class='ocrx_word' id='word_1_222' title='bbox 264 2064 446 2129; x_wconf 80' lang='grc' dir='ltr'><em>λέγειν</em></span> <span class='ocrx_word' id='word_1_223' title='bbox 476 2061 567 2115; x_wconf 83' lang='grc' dir='ltr'><em>καὶ</em></span> <span class='ocrx_word' id='word_1_224' title='bbox 598 2062 722 2127; x_wconf 85' lang='grc' dir='ltr'><em>περὶ</em></span> <span class='ocrx_word' id='word_1_225' title='bbox 753 2060 1064 2130; x_wconf 82' lang='grc' dir='ltr'><em>ζωγράφων</em></span> <span class='ocrx_word' id='word_1_226' title='bbox 1095 2062 1185 2116; x_wconf 82' lang='grc' dir='ltr'><em>καὶ</em></span> <span class='ocrx_word' id='word_1_227' title='bbox 1210 2063 1335 2130; x_wconf 86' lang='grc' dir='ltr'><em>περὶ</em></span> <span class='ocrx_word' id='word_1_228' title='bbox 1364 2063 1667 2133; x_wconf 82' lang='grc' dir='ltr'><em>τεκτόνων,</em></span> <span class='ocrx_word' id='word_1_229' title='bbox 1710 2060 1796 2118; x_wconf 79' lang='grc' dir='ltr'><em>ὅτι</em></span> 
     </span>
     <span class='ocr_line' id='line_1_25' title="bbox 118 2134 1858 2214; baseline 0.003 -19"><span class='ocrx_word' id='word_1_230' title='bbox 118 2134 280 2196; x_wconf 77' lang='grc' dir='ltr'><em>οὗτοί</em></span> <span class='ocrx_word' id='word_1_231' title='bbox 296 2145 435 2196; x_wconf 86' lang='grc' dir='ltr'><em>εἰσιν</em></span> <span class='ocrx_word' id='word_1_232' title='bbox 453 2145 510 2196; x_wconf 80' lang='grc' dir='ltr'><em>οἱ</em></span> <span class='ocrx_word' id='word_1_233' title='bbox 526 2148 640 2196; x_wconf 75' lang='grc' dir='ltr'><em>τῶν</em></span> <span class='ocrx_word' id='word_1_234' title='bbox 658 2149 854 2212; x_wconf 75' lang='grc' dir='ltr'><em>σοφῶν</em></span> <span class='ocrx_word' id='word_1_235' title='bbox 874 2142 1232 2214; x_wconf 81' lang='grc' dir='ltr'><em>ἐπιστήμονες</em></span> <span class='ocrx_word' id='word_1_236' title='bbox 1247 2164 1257 2174; x_wconf 90' lang='grc'><em>·</em></span> <span class='ocrx_word' id='word_1_237' title='bbox 1302 2141 1414 2199; x_wconf 77' lang='grc' dir='ltr'><em>ἀλλ’</em></span> <span class='ocrx_word' id='word_1_238' title='bbox 1439 2153 1491 2201; x_wconf 73' lang='grc' dir='ltr'><em>εἴ</em></span> <span class='ocrx_word' id='word_1_239' title='bbox 1516 2167 1596 2210; x_wconf 90' lang='grc' dir='ltr'><em>τις</em></span> <span class='ocrx_word' id='word_1_240' title='bbox 1615 2148 1791 2214; x_wconf 81' lang='grc' dir='ltr'><em>ἔροιτο</em></span> <span class='ocrx_word' id='word_1_241' title='bbox 1828 2167 1858 2208; x_wconf 65' lang='grc' dir='ltr'><em>ι)</em></span> 
     </span>
     <span class='ocr_line' id='line_1_26' title="bbox 114 2221 1794 2296; baseline 0.002 -20"><span class='ocrx_word' id='word_1_242' title='bbox 114 2221 272 2294; x_wconf 81' lang='grc' dir='ltr'><em>ἡμᾶς,</em></span> <span class='ocrx_word' id='word_1_243' title='bbox 294 2227 407 2277; x_wconf 75' lang='grc' dir='ltr'><em>τῶν</em></span> <span class='ocrx_word' id='word_1_244' title='bbox 425 2230 477 2277; x_wconf 85' lang='grc' dir='ltr'><em>τί</em></span> <span class='ocrx_word' id='word_1_245' title='bbox 492 2230 687 2292; x_wconf 76' lang='grc' dir='ltr'><em>σοφῶν</em></span> <span class='ocrx_word' id='word_1_246' title='bbox 707 2226 844 2280; x_wconf 75' lang='grc' dir='ltr'><em>εἰσὶν</em></span> <span class='ocrx_word' id='word_1_247' title='bbox 859 2227 915 2279; x_wconf 79' lang='grc' dir='ltr'><em>οἱ</em></span> <span class='ocrx_word' id='word_1_248' title='bbox 932 2224 1211 2294; x_wconf 79' lang='grc' dir='ltr'><em>ζωγράφοι</em></span> <span class='ocrx_word' id='word_1_249' title='bbox 1231 2226 1605 2296; x_wconf 80' lang='grc' dir='ltr'><em>ἐπιστήμονες,</em></span> <span class='ocrx_word' id='word_1_250' title='bbox 1621 2233 1794 2282; x_wconf 72' lang='grc' dir='ltr'><em>εἴποι-</em></span> 
     </span>
     <span class='ocr_line' id='line_1_27' title="bbox 113 2302 1796 2378; baseline 0.001 -18"><span class='ocrx_word' id='word_1_251' title='bbox 113 2326 219 2376; x_wconf 85' lang='grc' dir='ltr'><em>μεν</em></span> <span class='ocrx_word' id='word_1_252' title='bbox 253 2303 325 2358; x_wconf 79' lang='grc' dir='ltr'><em>ἅν</em></span> <span class='ocrx_word' id='word_1_253' title='bbox 360 2325 471 2359; x_wconf 89' lang='grc' dir='ltr'><em>που</em></span> <span class='ocrx_word' id='word_1_254' title='bbox 507 2302 690 2378; x_wconf 75' lang='grc' dir='ltr'><em>αὐτῷ,</em></span> <span class='ocrx_word' id='word_1_255' title='bbox 728 2304 813 2360; x_wconf 85' lang='grc' dir='ltr'><em>ὅτι</em></span> <span class='ocrx_word' id='word_1_256' title='bbox 851 2311 964 2360; x_wconf 76' lang='grc' dir='ltr'><em>τῶν</em></span> <span class='ocrx_word' id='word_1_257' title='bbox 1002 2304 1144 2376; x_wconf 81' lang='grc' dir='ltr'><em>πρὸς</em></span> <span class='ocrx_word' id='word_1_258' title='bbox 1176 2304 1280 2377; x_wconf 84' lang='grc' dir='ltr'><em>τὴν</em></span> <span class='ocrx_word' id='word_1_259' title='bbox 1318 2304 1658 2377; x_wconf 81' lang='grc' dir='ltr'><em>ἀπεργασίαν</em></span> <span class='ocrx_word' id='word_1_260' title='bbox 1693 2304 1796 2377; x_wconf 84' lang='grc' dir='ltr'><em>τὴν</em></span> 
     </span>
     <span class='ocr_line' id='line_1_28' title="bbox 112 2382 1792 2463; baseline 0.002 -20"><span class='ocrx_word' id='word_1_261' title='bbox 112 2393 228 2443; x_wconf 76' lang='grc' dir='ltr'><em>τῶν</em></span> <span class='ocrx_word' id='word_1_262' title='bbox 256 2386 516 2452; x_wconf 80' lang='grc' dir='ltr'><em>εἰκόνων,</em></span> <span class='ocrx_word' id='word_1_263' title='bbox 558 2391 647 2442; x_wconf 83' lang='grc' dir='ltr'><em>καὶ</em></span> <span class='ocrx_word' id='word_1_264' title='bbox 677 2382 850 2445; x_wconf 84' lang='grc' dir='ltr'><em>τᾶλλα</em></span> <span class='ocrx_word' id='word_1_265' title='bbox 882 2387 1073 2455; x_wconf 84' lang='grc' dir='ltr'><em>οὕτως.</em></span> <span class='ocrx_word' id='word_1_266' title='bbox 1135 2395 1185 2446; x_wconf 83' lang='grc' dir='ltr'><em>εἰ</em></span> <span class='ocrx_word' id='word_1_267' title='bbox 1212 2394 1274 2444; x_wconf 84' lang='grc' dir='ltr'><em>δέ</em></span> <span class='ocrx_word' id='word_1_268' title='bbox 1293 2413 1370 2455; x_wconf 86' lang='grc' dir='ltr'><em>τις</em></span> <span class='ocrx_word' id='word_1_269' title='bbox 1399 2393 1574 2447; x_wconf 80' lang='grc' dir='ltr'><em>ἐκεῖνο</em></span> <span class='ocrx_word' id='word_1_270' title='bbox 1597 2396 1792 2463; x_wconf 87' lang='grc' dir='ltr'><em>ἔροιτο,</em></span> 
     </span>
     <span class='ocr_line' id='line_1_29' title="bbox 113 2466 1792 2544; baseline 0.001 -19"><span class='ocrx_word' id='word_1_271' title='bbox 113 2466 144 2525; x_wconf 85' lang='grc' dir='ltr'>ὁ</span> <span class='ocrx_word' id='word_1_272' title='bbox 175 2468 234 2525; x_wconf 70' lang='grc' dir='ltr'><em>δὲ</em></span> <span class='ocrx_word' id='word_1_273' title='bbox 264 2469 532 2540; x_wconf 78' lang='grc' dir='ltr'><em>σοφιστὴς</em></span> <span class='ocrx_word' id='word_1_274' title='bbox 563 2475 676 2524; x_wconf 80' lang='grc' dir='ltr'><em>τῶν</em></span> <span class='ocrx_word' id='word_1_275' title='bbox 707 2475 763 2526; x_wconf 87' lang='grc' dir='ltr'><em>τί</em></span> <span class='ocrx_word' id='word_1_276' title='bbox 777 2475 973 2540; x_wconf 76' lang='grc' dir='ltr'><em>σοφῶν</em></span> <span class='ocrx_word' id='word_1_277' title='bbox 1003 2473 1119 2526; x_wconf 81' lang='grc' dir='ltr'><em>ἐστί</em></span> <span class='ocrx_word' id='word_1_278' title='bbox 1127 2494 1141 2536; x_wconf 85' lang='grc'><strong>;</strong></span> <span class='ocrx_word' id='word_1_279' title='bbox 1181 2477 1234 2527; x_wconf 85' lang='grc' dir='ltr'><em>τί</em></span> <span class='ocrx_word' id='word_1_280' title='bbox 1261 2467 1334 2527; x_wconf 75' lang='grc' dir='ltr'><em>ἂν</em></span> <span class='ocrx_word' id='word_1_281' title='bbox 1353 2470 1792 2544; x_wconf 79' lang='grc' dir='ltr'><em>άποκρινοίμεθα</em></span> 
     </span>
     <span class='ocr_line' id='line_1_30' title="bbox 114 2549 1791 2626; baseline 0.003 -20"><span class='ocrx_word' id='word_1_282' title='bbox 114 2549 290 2624; x_wconf 59' lang='grc' dir='ltr'><em>αὐτοῖς</em></span> <span class='ocrx_word' id='word_1_283' title='bbox 329 2557 487 2615; x_wconf 88' lang='grc' dir='ltr'><em>ποίας</em></span> <span class='ocrx_word' id='word_1_284' title='bbox 518 2554 775 2621; x_wconf 83' lang='grc' dir='ltr'><em>ἐργασίας</em></span> <span class='ocrx_word' id='word_1_285' title='bbox 794 2552 1107 2623; x_wconf 82' lang='grc' dir='ltr'><em>ἐπιστάτης;</em></span> <span class='ocrx_word' id='word_1_286' title='bbox 1157 2559 1225 2609; x_wconf 91' lang='grc' dir='ltr'><em>Τί</em></span> <span class='ocrx_word' id='word_1_287' title='bbox 1238 2549 1313 2609; x_wconf 69' lang='grc' dir='ltr'><em>ἄν</em></span> <span class='ocrx_word' id='word_1_288' title='bbox 1335 2562 1585 2626; x_wconf 72' lang='grc' dir='ltr'><em>εἴποιμεν</em></span> <span class='ocrx_word' id='word_1_289' title='bbox 1615 2554 1791 2611; x_wconf 83' lang='grc' dir='ltr'><em>αὐτὸν</em></span> 
     </span>
     <span class='ocr_line' id='line_1_31' title="bbox 115 2625 1791 2708; baseline 0.005 -23"><span class='ocrx_word' id='word_1_290' title='bbox 115 2629 280 2698; x_wconf 83' lang='grc' dir='ltr'><em>εἶναι,</em></span> <span class='ocrx_word' id='word_1_291' title='bbox 314 2625 358 2687; x_wconf 74' lang='grc' dir='ltr'><em>ὦ</em></span> <span class='ocrx_word' id='word_1_292' title='bbox 379 2632 704 2703; x_wconf 74' lang='grc' dir='ltr'><em>Σώκρατες,</em></span> <span class='ocrx_word' id='word_1_293' title='bbox 736 2629 773 2705; x_wconf 82' lang='grc' dir='ltr'><strong><em>ἧ</em></strong></span> <span class='ocrx_word' id='word_1_294' title='bbox 793 2635 1090 2706; x_wconf 80' lang='grc' dir='ltr'><em>ἐπιστάτην</em></span> <span class='ocrx_word' id='word_1_295' title='bbox 1111 2641 1211 2691; x_wconf 90' lang='grc' dir='ltr'><em>τοῦ</em></span> <span class='ocrx_word' id='word_1_296' title='bbox 1237 2643 1462 2708; x_wconf 88' lang='grc' dir='ltr'><em>ποιῆσαι</em></span> <span class='ocrx_word' id='word_1_297' title='bbox 1492 2636 1680 2694; x_wconf 87' lang='grc' dir='ltr'><em>δεινὸν</em></span> <span class='ocrx_word' id='word_1_298' title='bbox 1701 2641 1791 2693; x_wconf 78' lang='grc' dir='ltr'><em>λέ-</em></span> 
     </span>
     <span class='ocr_line' id='line_1_32' title="bbox 114 2709 1792 2789; baseline 0.003 -22"><span class='ocrx_word' id='word_1_299' title='bbox 114 2733 260 2782; x_wconf 79' lang='grc' dir='ltr'><em>γειν;</em></span> <span class='ocrx_word' id='word_1_300' title='bbox 296 2711 453 2779; x_wconf 84' lang='grc' dir='ltr'><em>Ἴσως</em></span> <span class='ocrx_word' id='word_1_301' title='bbox 482 2714 583 2783; x_wconf 77' lang='grc' dir='ltr'><em>ἄν,</em></span> <span class='ocrx_word' id='word_1_302' title='bbox 623 2709 695 2786; x_wconf 81' lang='grc' dir='ltr'><em>ἦν</em></span> <span class='ocrx_word' id='word_1_303' title='bbox 724 2714 777 2770; x_wconf 82' lang='grc' dir='ltr'><em>δ’</em></span> <span class='ocrx_word' id='word_1_304' title='bbox 799 2716 934 2786; x_wconf 74' lang='grc' dir='ltr'><em>ἐγώ,</em></span> <span class='ocrx_word' id='word_1_305' title='bbox 973 2713 1161 2788; x_wconf 80' lang='grc' dir='ltr'><em>άληθῆ</em></span> <span class='ocrx_word' id='word_1_306' title='bbox 1190 2721 1469 2788; x_wconf 87' lang='grc' dir='ltr'><em>λέγοιμεν,</em></span> <span class='ocrx_word' id='word_1_307' title='bbox 1510 2716 1578 2773; x_wconf 85' lang='grc' dir='ltr'><em>ού</em></span> <span class='ocrx_word' id='word_1_308' title='bbox 1604 2720 1792 2789; x_wconf 88' lang='grc' dir='ltr'><em>μέντοι</em></span> 
     </span>
     <span class='ocr_line' id='line_1_33' title="bbox 113 2797 1791 2871; baseline 0.003 -20"><span class='ocrx_word' id='word_1_309' title='bbox 113 2799 318 2862; x_wconf 73' lang='grc' dir='ltr'><em>ἱκανοῖς</em></span> <span class='ocrx_word' id='word_1_310' title='bbox 347 2818 436 2868; x_wconf 83' lang='grc' dir='ltr'><em>γε·</em></span> <span class='ocrx_word' id='word_1_311' title='bbox 476 2798 793 2869; x_wconf 77' lang='grc' dir='ltr'><em>ἐρωτήσεως</em></span> <span class='ocrx_word' id='word_1_312' title='bbox 822 2797 926 2869; x_wconf 82' lang='grc' dir='ltr'><em>γὰρ</em></span> <span class='ocrx_word' id='word_1_313' title='bbox 959 2804 1037 2855; x_wconf 83' lang='grc' dir='ltr'><em>ἔτι</em></span> <span class='ocrx_word' id='word_1_314' title='bbox 1067 2798 1099 2871; x_wconf 86' lang='grc' dir='ltr'><strong><em>ἡ</em></strong></span> <span class='ocrx_word' id='word_1_315' title='bbox 1128 2799 1420 2870; x_wconf 81' lang='grc' dir='ltr'><em>ἀπόκρισις</em></span> <span class='ocrx_word' id='word_1_316' title='bbox 1449 2798 1579 2871; x_wconf 80' lang='grc' dir='ltr'><em>ἡμῖν</em></span> <span class='ocrx_word' id='word_1_317' title='bbox 1602 2805 1791 2857; x_wconf 81' lang='grc' dir='ltr'><em>δεῖται.</em></span> 
     </span>
    </p>
   </div>
   <div class='ocr_carea' id='block_1_3' title="bbox 0 0 92 2456">
    <p class='ocr_par' dir='ltr' id='par_1_4' title="bbox 0 0 92 2456">
     <span class='ocr_line' id='line_1_34' title="bbox 0 0 92 2456; baseline 0 0"><span class='ocrx_word' id='word_1_318' title='bbox 0 0 92 2456; x_wconf 95' lang='lat' dir='ltr'><em> </em></span> 
     </span>
    </p>
   </div>
  </div>
 </body>
</html>
