1962 3112
105 133 163 179 33
641 123 810 172 ΠΡΩ
827 126 924 174 ΤΑ
936 123 1036 172 ΓΟ
1049 124 1213 171 ΡΑΣ.
1676 123 1776 177 181

105 258 324 328 καρπὸν
341 257 622 328 αἰνύμεθα
640 257 847 328 χθονός
859 299 874 326 ,
891 254 1063 312 ἔπειθ’
1076 254 1210 327 ὑμῖν
1228 253 1412 326 εὑρών
1432 254 1750 328 ἄπαγγελέω
1762 279 1776 291 ·

106 340 245 397 ῶστε
262 339 467 396 τούτου
483 337 529 409 γ’
549 340 712 395 ἕνεκα
733 338 935 395 οὐδένα
955 339 1324 410 ἐπαινέσομαι,
1347 335 1489 394 ἀλλά
1507 360 1600 410 μοι
1618 342 1744 411 ἐξαρ

102 435 216 494 κεῖ,
250 420 323 478 ἂν
349 418 387 496 ᾖ
408 429 571 494 μέσος
599 425 692 478 καὶ
719 422 893 492 μηδὲν
923 420 1099 476 κακὸν
1128 425 1287 492 ποιῇ,
1327 417 1398 484 ὡς
1426 419 1532 491 ἐγώ
1567 421 1778 486 πάντας

104 507 277 574 φιλέω
300 506 390 560 καὶ
411 508 668 575 ἐπαίνημι
684 536 756 547 —-
784 504 876 558 καὶ
895 508 963 573 τῇ
983 507 1143 573 φωνῇ
1166 504 1414 557 ἐνταῦθα
1440 505 1691 574 κέχρηται
1710 509 1778 576 τῇ

101 594 214 642 τῶν
232 591 661 656 Μυτιληναίων,
705 584 776 650 ῶς
803 582 941 653 πρὸς
959 581 1239 638 Πιττακὸν
1265 586 1445 652 λέγων
1475 582 1536 639 τὸ
1569 583 1776 650 πάντας
1813 590 1845 630 Ε

105 669 163 724 δὲ
186 669 442 738 ἐπαίνημι
460 668 551 722 καὶ
580 670 751 736 φιλέω
770 666 914 721 ἑκῶν
934 667 1204 730 (ἐνταῦθα
1224 669 1308 720 δεῖ
1324 667 1384 719 ἐν
1399 672 1476 740 τῷ
1499 666 1640 721 §mv
1656 670 1777 721 δια-

102 754 294 819 λαβεῖν
312 752 566 819 λέγοντα)
587 746 734 812 ὅστις
754 749 888 818 ἔρδῃ
906 746 1076 817 μηδὲν
1098 746 1330 815 αἰσχρόν
1343 788 1356 814 ,
1379 744 1535 801 ἄκων
1556 746 1609 801 δ’
1626 751 1774 803 ἔστιν

103 830 202 898 οὓς
226 832 331 902 ἐγώ
361 834 566 887 ἐπαινῶ
597 832 687 886 καὶ
720 836 880 900 φιλῶ,
939 830 998 885 σὲ
1027 823 1160 895 οὖν,
1199 830 1289 883 καὶ
1321 833 1371 884 εἰ
1386 830 1564 899 μέσως
1589 833 1770 900 ἔλεγες

102 917 312 985 ἐπιεικῆ
331 917 420 969 καὶ
439 912 648 984 ἀληθῆ,
681 906 726 967 ῶ
746 914 1004 983 Πιττακέ,
1031 910 1134 966 οὐκ
1158 908 1230 966 ἄν
1247 930 1378 965 ποτε
1398 914 1612 982 ἔψεγον.
1667 919 1776 968 νῦν
1805 920 1888 967 347

103 998 166 1052 δέ
185 1030 247 1038 -
270 996 489 1067 σφόδρα
507 994 614 1065 γὰρ
635 997 721 1050 καὶ
745 994 868 1061 περὶ
892 999 1005 1048 τῶν
1025 998 1297 1063 μεγίστων
1319 993 1660 1063 ψευδόμενος
1679 997 1776 1050 δο-

101 1089 212 1141 κεῖς
231 1075 415 1148 ἀληθῆ
437 1081 634 1147 λέγειν,
657 1074 745 1131 διὰ
766 1074 937 1130 ταῦτά
960 1092 1021 1129 σε
1041 1072 1147 1144 έγῶ
1169 1077 1334 1143 ψέγω.

241 1164 443 1214 XXXII.
523 1158 710 1212 Ταῦτά
739 1179 832 1227 μοι
861 1161 1040 1225 δοκεῖ,
1080 1150 1125 1210 ὦ
1144 1157 1388 1225 Πρόδικε
1417 1158 1508 1212 καὶ
1538 1162 1776 1227 Πρωτα-

101 1240 267 1311 γόρα,
300 1234 373 1311 ἦν
393 1238 443 1295 δ’
469 1240 604 1310 ἐγώ,
642 1243 958 1310 Σιμωνίδης
987 1238 1388 1309 διανοούμενος
1416 1242 1774 1310 πεποιηκέναι

107 1327 264 1378 τοῦτο
284 1322 345 1376 τὸ
366 1315 528 1396 ᾆσμα.
579 1322 670 1377 καὶ
690 1319 967 1390 ὁἹππίας,
999 1314 1087 1376 Εὖ
1107 1323 1207 1390 μέν
1225 1342 1317 1391 μοι
1338 1324 1542 1390 δοκεῖς,
1573 1326 1678 1393 ἔφη
1694 1364 1708 1390 ,
1731 1315 1775 1377 ῶ

102 1404 423 1475 Σώκρατες,
454 1408 546 1461 καὶ
577 1404 647 1460 σὺ
672 1408 795 1475 περὶ
813 1412 915 1461 τοῦ
935 1402 1177 1478 ᾅσματος
1206 1406 1620 1475 διεληλυθέναι·
1661 1409 1777 1460 ἔστι

101 1489 314 1558 μέντοι,
336 1492 467 1557 ἔφη,
500 1490 590 1542 καὶ
609 1488 730 1558 ἐμοὶ
747 1486 910 1557 λόγος
928 1489 1052 1554 περὶ
1072 1484 1252 1541 αὐτοῦ
1274 1479 1337 1541 εὖ
1356 1490 1522 1556 ἔχων,
1555 1483 1623 1540 ὃν
1642 1484 1775 1556 ὑμῖν
1805 1503 1838 1544 Β

100 1572 377 1639 ἐπιδείξω,
418 1566 490 1625 ἄν
524 1569 822 1641 βούλησθε.
882 1572 970 1623 καὶ
992 1566 1021 1623 ὁ
1054 1566 1424 1638 Ἀλκιβιάδης,
1467 1571 1609 1636 Ναί,
1649 1569 1772 1638 ἔφη,

105 1643 355 1721 ῶἹππία,
377 1656 630 1715 εἰσαῦθίς
647 1672 708 1721 γε
724 1673 734 1682 ·
770 1656 880 1705 νῦν
901 1653 958 1707 δὲ
979 1651 1199 1706 δίκαιόν
1220 1653 1392 1725 ἐστιν,
1431 1649 1467 1704 ὁὶ
1488 1645 1776 1721 ὡμολογη-

103 1731 276 1802 σάτην
298 1731 435 1801 πρὸς
453 1731 672 1803 ἀλλήλω
691 1733 1068 1805 Πρωταγόρας
1085 1735 1171 1789 καὶ
1194 1740 1514 1803 Σωκρατης,
1534 1737 1773 1801 Πρωτα-

100 1815 271 1886 γόρας
288 1816 388 1885 μὲν
407 1820 459 1870 εἰ
474 1820 550 1870 ἔτι
567 1816 826 1886 βούλεται
846 1818 1086 1889 ἐρωτᾷν,
1110 1814 1516 1883 ἀποκρίνεσθαι
1534 1815 1776 1884 Σωκρά-

99 1918 192 1967 τη,
232 1902 282 1952 εί
310 1897 369 1951 δὲ
398 1897 465 1968 δὴ
486 1898 747 1969 βούλεται
767 1899 1057 1965 Σωκράτει
1086 1896 1517 1968 ἀποκρίνεσθαι,
1561 1900 1774 1971 ἐρωτᾷν

99 1976 199 2034 τόν
217 1979 422 2048 ἕτερον.
480 1980 571 2035 καὶ
601 1978 706 2051 ἐγώ
740 1979 1209 2051 εἷπονἘπιτρέπω
1229 1981 1330 2051 μὲν
1350 1984 1519 2051 ἔγωγε
1538 1986 1774 2049 Πρωτα-

101 2059 240 2131 γόρᾳ
277 2057 549 2129 ὁπότερον
586 2060 734 2136 αὐτῷ
774 2062 965 2134 ἥδιον·
1024 2068 1074 2118 εί
1100 2061 1159 2119 δὲ
1194 2061 1473 2133 βούλεται,
1511 2064 1635 2130 περὶ
1670 2062 1772 2133 μὲν
1803 2073 1834 2115 G

101 2139 364 2212 ᾀσμάτων
381 2163 437 2196 τε
457 2143 547 2197 καὶ
565 2145 716 2198 ἐπῶν
735 2144 1003 2216 ἐάσωμεν,
1023 2146 1147 2213 περὶ
1165 2145 1223 2198 δὲ
1243 2135 1324 2198 ῶν
1340 2140 1398 2197 τὸ
1423 2149 1645 2213 πρῶτον
1664 2142 1773 2214 έγω’

102 2240 163 2277 σε
184 2220 467 2294 ἠρώτησα,
506 2218 550 2278 ὦ
576 2226 945 2295 Πρωταγόρα,
982 2223 1154 2296 ἡδέως
1175 2220 1247 2278 ἂν
1269 2225 1355 2279 ἐπὶ
1383 2227 1533 2287 τέλος
1558 2228 1776 2293 ἔλθοιμι

102 2304 234 2375 μετὰ
257 2310 363 2359 σοῦ
382 2306 772 2376 σκοπούμενος.
831 2308 920 2362 καὶ
944 2306 1051 2376 γὰρ
1083 2309 1240 2360 δοκεῖ
1260 2326 1353 2374 μοι
1381 2304 1441 2360 τὸ
1467 2307 1590 2375 περὶ
1611 2305 1775 2376 ποιή-

102 2402 239 2450 σεως
270 2389 622 2456 διαλέγεσθαι
659 2385 988 2457 ὁμοιότατον
1020 2385 1158 2443 εἶναι
1175 2398 1288 2450 τοῖς
1307 2392 1636 2456 συμποσίοις
1661 2398 1774 2452 τοῖς

100 2473 214 2522 τῶν
250 2467 485 2536 φαύλων
515 2470 604 2523 καὶ
642 2466 920 2538 ἀγοραίων
940 2467 1275 2537 ἀνθρώπων.
1330 2469 1420 2523 καὶ
1455 2465 1560 2537 γὰρ
1598 2460 1771 2539 οὗτοι,

101 2548 191 2603 διὰ
222 2547 282 2604 τὸ
310 2548 384 2619 μὴ
422 2549 701 2605 δύνασθαι
738 2547 994 2620 ἀλλήλοις
1024 2548 1088 2605 δι’
1110 2551 1322 2605 ἑαυτῶν
1342 2560 1594 2604 συνεῖναι
1613 2550 1675 2603 ἐν
1693 2554 1773 2622 τῷ

102 2628 249 2703 πότῳ
289 2634 424 2701 μηδὲ
463 2630 551 2686 διὰ
589 2639 680 2702 τῆς
717 2633 931 2687 ἑαυτῶν
968 2638 1159 2702 φωνῆς
1196 2632 1287 2687 καὶ
1316 2638 1429 2686 τῶν
1457 2630 1643 2701 λόγων
1658 2637 1775 2685 τῶν

103 2709 317 2766 ἑαυτῶν
333 2709 443 2768 ὑπὸ
465 2711 821 2778 ἀπαιδευσίας
835 2756 848 2780 ,
869 2718 1046 2784 τιμίας
1066 2720 1287 2769 ποιοῦσι
1305 2711 1402 2777 τὰς
1421 2711 1768 2783 αὐλητρίδας,
1802 2723 1834 2763 D

99 2798 311 2846 πολλοῦ
342 2795 710 2865 μισθούμενοι
734 2792 1032 2865 ἀλλοτρίαν
1063 2793 1261 2864 φωνὴν
1295 2794 1396 2866 τὴν
1426 2801 1540 2849 τῶν
1560 2792 1766 2848 αὐλῶν.
