1994 3100
148 156 190 186 iv
849 142 1231 184 PRAEFATIO.

147 259 285 306 lectio,
317 257 509 310 pluribus
541 270 564 297 a
589 270 655 297 me
679 261 870 298 enarrata
900 265 939 297 et
958 257 1121 298 firmata
1151 258 1193 297 in
1218 258 1352 310 ipsius
1374 257 1593 312 Philologo
1617 257 1662 298 T.
1689 258 1742 298 V.
1764 270 1806 311 p.
1831 254 1930 301 738.

147 315 418 368 Conjecturae
449 313 553 354 illud
586 320 746 355 tantum
772 315 954 364 indulsi,
989 321 1032 354 ut
1062 326 1138 367 pro
1170 312 1331 365 κρεῶν,
1365 315 1477 367 quod
1503 328 1580 356 nec
1607 320 1812 355 structura
1842 327 1931 354 am·

147 373 258 425 plius
300 384 375 411 nec
414 383 562 411 sensus
603 372 871 421 admittebat,
913 373 1138 412 scriberem
1175 365 1344 424 χρεών,
1386 373 1497 412 unde
1535 372 1641 414 haec
1673 372 1762 424 jam
1802 373 1929 411 totius

149 428 373 482 fragmenti
400 429 606 468 sententia
636 429 820 468 exsistit:
855 442 970 479 cave,
1001 442 1050 470 ne
1080 429 1190 469 leoni
1217 435 1495 470 occurrentem
1521 429 1747 470 hinnulenm
1778 435 1817 469 te
1839 430 1930 480 ipso
1985 444 1990 446 “

148 492 319 537 aspectu
349 487 454 526 mori
477 486 614 538 fatale
645 487 711 526 sit.
735 508 793 515 —-
819 487 866 531 Ρ.
899 484 980 528 156
1011 487 1048 526 Α
1079 483 1226 532 καλῶς
1253 479 1304 526 δὲ
1334 478 1389 525 σὺ
1419 485 1451 526 Ο
1476 493 1515 526 et
1534 487 1587 535 V,
1619 484 1766 532 καλῶς
1796 497 1844 538 γε
1875 478 1930 524 σὺ

150 543 247 584 BST
279 541 331 582 ek
363 543 537 582 duorum
570 543 691 583 codd.
726 551 983 590 correctura;
1023 543 1148 583 libros
1181 550 1291 584 recte
1327 550 1365 583 et
1395 543 1463 583 hic
1497 550 1536 583 et
1566 543 1664 597 Lys.
1698 556 1740 596 p.
1774 540 1860 583 204
1892 543 1928 583 A

148 607 284 640 tuetur
308 598 560 640 Winckelm.
591 601 644 640 ad
675 600 854 653 Euthyd.
888 614 929 654 p.
960 598 1030 642 38.
1063 622 1112 630 -
1148 600 1193 644 Ρ.
1226 598 1304 642 156
1328 599 1358 641 C
1388 597 1575 640 οἴεσθαι
1606 592 1664 639 ἄν
1696 598 1848 640 ποθεν
1882 598 1928 648 Ο,

146 649 206 697 α”ν
234 667 345 696 ποτε
375 657 535 706 VBST;
565 663 606 697 at
639 656 742 697 illud
767 658 1015 711 elegantius,
1040 670 1167 709 quum
1197 664 1321 712 neget
1349 670 1457 707 esse,
1487 659 1593 699 unde
1619 657 1750 698 solius
1780 657 1931 710 capitis
1979 697 1985 702 ,

149 715 353 755 medicina
381 720 566 764 petatur.
602 736 662 744 -—
700 716 744 758 P.
780 713 862 756 156
890 716 923 755 D
956 708 1241 767 Ζαλμόξιὸος
1274 728 1454 767 moxque
1489 709 1714 767 Ζάλμοξις
1747 714 1803 765 0,
1840 713 1929 753 Ζα-

147 765 364 824 μόλξιδος
393 778 432 811 et
465 765 692 823 Ζάμολξις
723 771 873 821 VBST,
906 779 1111 826 perpetua
1142 774 1351 823 varietate,
1384 773 1458 812 sed
1488 778 1533 813 ut
1562 779 1727 813 nostrae
1752 772 1930 824 scriptu-

151 843 222 870 rae
251 835 290 868 et
318 828 517 869 Herodoti
546 829 616 868 IV.
651 827 707 872 94
739 831 904 870 codices
936 836 974 870 et
1006 830 1262 884 etymologia
1288 830 1400 882 apud
1430 829 1630 883 Porphyr.
1665 830 1718 868 V.
1751 828 1930 883 Pythag.

147 900 184 926 c.
227 883 282 928 14
313 886 467 926 faveat.
501 909 555 915 -
587 888 633 930 P.
667 885 748 929 157
775 887 807 926 B
848 885 983 941 πείσῃ
1018 888 1049 928 Ο
1080 894 1119 927 et
1149 888 1210 937 V,
1250 885 1397 927 πείσει
1433 886 1531 927 BST
1572 900 1624 927 ex
1666 899 1748 926 uno
1787 887 1930 927 codice

152 955 233 984 non
261 944 417 997 optimo
446 957 523 984 nec
555 949 668 984 certa
698 944 815 998 lege,
847 958 970 995 quam
1002 945 1115 985 haud
1144 946 1232 985 scio
1265 957 1316 985 an
1348 946 1407 985 ita
1434 950 1595 984 tantum
1626 943 1762 984 adhuc
1791 956 1930 997 gram-

148 1001 287 1041 matici
317 1001 410 1040 tuiti
443 1002 549 1053 sint,
584 1007 625 1040 ut
658 1003 862 1041 contraria
895 1003 1085 1056 exempla
1113 1015 1187 1055 pro
1219 1003 1390 1043 arbitrio
1418 1007 1646 1049 mutarent;
1680 1002 1785 1040 ratio
1819 1006 1930 1041 certe

147 1059 412 1111 conjunctivo
446 1060 556 1100 nulla
589 1059 740 1099 obstat.
797 1059 882 1099 Nec
911 1060 1036 1113 paulo
1071 1066 1167 1113 post
1200 1061 1323 1100 unius
1351 1059 1445 1100 libri
1478 1058 1581 1099 Flor.
1615 1059 1642 1099 b
1674 1064 1789 1097 tanta
1816 1058 1931 1110 apud

148 1129 214 1156 me
246 1116 469 1156 auctoritas
503 1128 595 1156 esse
624 1117 780 1167 potuit,
815 1122 858 1156 ut
889 1118 1015 1158 verba
1046 1109 1350 1170 σωφροσύνης
1381 1126 1428 1155 τε
1459 1111 1538 1156 καὶ
1563 1107 1737 1167 ὑγιείας
1762 1114 1806 1153 in
1835 1115 1930 1155 reli-

148 1174 242 1226 quis
277 1173 470 1214 omnibus
500 1179 596 1227 post
634 1165 850 1225 ἑκατέρου
883 1176 1088 1214 exstantia
1124 1188 1217 1215 cum
1247 1174 1378 1214 Bekk.
1418 1173 1824 1226 circumscriberent,
1857 1178 1930 1211 ne-

149 1232 250 1272 dum
285 1243 381 1271 cum
419 1229 482 1271 ST
512 1231 702 1283 protinus
735 1232 1008 1272 eliminarem.
1058 1231 1240 1272 Heusdio
1272 1231 1465 1284 quidem,
1498 1231 1569 1283 qui
1597 1231 1793 1283 princeps
1822 1230 1932 1270 hanc

147 1288 435 1341 suspicionem
468 1288 619 1336 movit,
651 1290 774 1330 venia
805 1291 846 1329 in
874 1295 1040 1341 promtu
1073 1296 1158 1339 est,
1192 1290 1291 1341 quia
1321 1290 1357 1329 is
1388 1301 1561 1343 pravam
1590 1288 1811 1328 lectionem
1841 1286 1931 1326 θα-

149 1341 284 1396 τέρου
314 1357 388 1396 pro
421 1335 637 1397 ἑκατέρου
668 1352 764 1386 ante
798 1346 941 1387 oculos
975 1347 1144 1396 habuit,
1188 1359 1296 1398 quae
1333 1347 1478 1398 utique
1506 1335 1537 1398 ἢ
1562 1357 1638 1398 pro
1669 1355 1715 1384 τε
1744 1339 1822 1384 καὶ
1854 1356 1932 1398 po·

151 1403 355 1451 stulabat;
398 1414 506 1442 nunc
540 1409 678 1443 autem
710 1405 899 1444 restituto
931 1395 1171 1457 ἑκατέρου,
1203 1405 1239 1444 is
1272 1409 1430 1444 tantum
1459 1403 1574 1443 litem
1606 1402 1671 1442 his
1700 1402 1837 1442 verbis
1868 1402 1931 1441 in-

78 1465 83 1467 “
147 1459 443 1512 tendaaffqui,
477 1461 591 1511 quod
623 1461 878 1501 doctissimis
905 1463 1004 1501 viris
1028 1462 1234 1502 accidisse
1265 1462 1445 1507 mireris,
1475 1456 1617 1513 χωρὶς
1647 1472 1721 1512 pro
1754 1471 1931 1513 praepo-

147 1518 302 1558 sitione
339 1517 493 1559 habeat
534 1529 690 1568 eosque
726 1519 914 1559 medicos
955 1519 1131 1559 describi
1171 1524 1312 1572 putet,
1346 1519 1416 1570 qui
1458 1519 1539 1571 ipsi
1579 1517 1855 1569 temperantia
1893 1521 1933 1555 et

100 1581 102 1584 ’
147 1575 382 1616 valetudine
414 1580 601 1615 carentes
631 1574 724 1615 aliis
754 1576 1004 1617 medicinam
1037 1576 1214 1616 faciant!
1241 1568 1434 1627 ’Τγιείας
1467 1568 1628 1626 ἰατρὸν
1655 1574 1794 1613 minus
1818 1585 1931 1613 eom-

148 1633 272 1673 mode
309 1633 391 1672 dici
423 1633 629 1680 conced03
673 1638 715 1673 at
754 1646 882 1686 quum
914 1626 1098 1686 ἰατρικὴ
1130 1635 1183 1673 sit
1213 1625 1439 1685 ἐπιστήμη
1470 1629 1551 1672 τοῦ
1579 1624 1803 1684 ὑγιεινοῦ,
1846 1643 1933 1670 me-

146 1691 286 1731 dicum
310 1702 476 1741 quoque
502 1689 750 1730 valetudinis
779 1692 1019 1732 accessione
1043 1691 1212 1731 definire
1242 1690 1408 1739 licebit,
1441 1703 1517 1730 nec
1545 1690 1685 1743 ipsum
1716 1680 1933 1739 ἑκατέρου

149 1747 230 1787 nisi
261 1747 528 1799 appositione
558 1746 811 1787 illustratum
844 1749 885 1788 in
918 1747 1098 1802 Scythae
1135 1748 1246 1787 illius
1284 1748 1423 1788 verbis
1458 1747 1666 1798 inveniet,
1704 1758 1784 1796 quo
1820 1749 1931 1784 recte

147 1804 371 1853 referatur;
398 1805 619 1855 acquiesco
642 1805 770 1858 igitur
793 1807 834 1846 in
863 1806 987 1847 codd.
1011 1806 1188 1846 lectione
1210 1805 1267 1844 ita
1288 1805 1620 1857 interpretanda:
1645 1803 1758 1854 quod
1778 1802 1932 1842 utrius-

148 1875 229 1913 que
259 1862 338 1908 rei,
369 1860 622 1902 valetudinis
648 1862 755 1902 circa
778 1875 930 1916 corpus
952 1870 991 1903 et
1017 1862 1315 1915 temperantiae
1338 1862 1445 1902 circa
1468 1862 1675 1909 animum,
1707 1859 1932 1912 separatim

151 1919 301 1959 medici
341 1919 567 1967 exsistant,
617 1932 742 1970 quum
789 1932 955 1974 semper
995 1921 1238 1972 conjunctas
1275 1918 1416 1972 potius
1459 1919 1596 1959 curari
1635 1922 1836 1971 oporteat.
1875 1937 1933 1946 —-

147 1977 193 2019 P.
227 1973 308 2017 157
333 1976 367 2015 D
391 1974 606 2015 πλεῖστον
634 1976 669 2017 Η
696 1989 729 2017 c.
753 1977 963 2018 nonnullis
990 1977 1107 2019 libris
1135 1984 1174 2016 et
1198 1975 1332 2017 Oxon.
1360 1977 1575 2030 vestigiis,
1608 1975 1679 2026 qui
1705 1971 1932 2013 πλείστων

148 2033 340 2080 exhibet;
373 2027 498 2072 πάνυ
526 2028 644 2073 πολὺ
671 2033 808 2074 VBST
835 2048 927 2076 cum
957 2035 1177 2088 plurimis,
1209 2033 1284 2074 sed
1312 2046 1364 2074 ex
1394 2040 1654 2081 correctura,
1683 2038 1723 2070 ut
1753 2031 1932 2079 videtur,

102 2104 107 2108 ·
148 2091 433 2144 grammatici,
477 2103 600 2142 quem
637 2091 987 2144 superlativorum
1024 2091 1250 2145 geminatio
1290 2090 1540 2139 offenderet,
1581 2100 1819 2141 quanquam
1857 2100 1935 2127 nec

148 2141 274 2187 πάνυ
303 2139 420 2186 πολὺ
450 2161 485 2189 c.
516 2148 671 2201 superl.
705 2151 964 2191 commodius
997 2150 1078 2190 dici
1107 2149 1304 2196 arbitror3
1340 2147 1452 2187 illam
1480 2153 1648 2188 tuentur
1669 2144 1800 2198 Soph.
1827 2144 1930 2185 Oed.
1987 2164 1992 2165 ⁷

149 2205 236 2246 Col.
267 2202 367 2253 743,
397 2205 495 2247 Eur.
527 2206 615 2246 Alc.
643 2203 744 2256 802,
778 2206 985 2259 pluraque
1011 2207 1125 2260 apud
1150 2206 1322 2246 Porson.
1353 2205 1407 2246 ad
1430 2205 1528 2244 Hec.
1560 2202 1661 2245 624.
1692 2225 1746 2232 —
1775 2202 1820 2241 Ρ.
1852 2198 1933 2243 157

124 2279 126 2281 ’
150 2264 182 2303 Ε
207 2263 330 2315 longe
354 2262 471 2303 alind
495 2263 707 2303 Platonem
730 2265 950 2317 scripsisse
972 2278 1020 2305 ac
1044 2263 1157 2315 quod
1179 2263 1367 2303 certatim
1390 2275 1534 2302 omnes
1558 2262 1776 2302 ediderunt
1799 2258 1934 2298 ποῖαι

149 2312 234 2359 δύο
262 2315 407 2359 οἰκίαι
438 2318 745 2360 συνελθοῦσαι
777 2352 818 2364 ..
841 2353 849 2361 .
873 2353 882 2362 .
914 2319 1082 2361 καλλίω
1109 2310 1169 2359 ἂν
1197 2315 1275 2359 καὶ
1304 2312 1476 2371 οἷμείνω
1504 2310 1798 2371 γεννήσειαν,
1828 2316 1933 2355 anti-

149 2378 447 2428 quissimorum
486 2377 683 2417 librorum
720 2379 899 2433 vestigia
927 2379 1159 2420 clarissime
1186 2377 1382 2431 produnt.
1443 2377 1622 2417 Belzkeri
1650 2380 1758 2414 certe
1786 2384 1931 2413 omnes

153 2434 375 2487 pluresque
412 2433 673 2475 Stallbaumii
703 2449 795 2476 cum
834 2438 926 2489 ipso
955 2436 1091 2478 Oxon.
1128 2437 1281 2476 habent
1313 2431 1470 2486 δυοῖν,
1509 2434 1574 2474 cui
1604 2431 1735 2472 multo
1765 2430 1931 2470 facilius

150 2489 313 2530 ποίαιν
344 2499 383 2531 et
411 2485 585 2531 οἰκίαιν
612 2487 950 2533 συνελθούσαιν
980 2493 1284 2541 accommodes,
1321 2505 1446 2543 quam
1476 2488 1787 2530 memorabilem
1815 2487 1930 2552 illuqm

150 2550 377 2602 genitivum
409 2549 463 2588 ad
489 2549 733 2590 nominativi
760 2551 934 2591 formam
959 2563 1149 2596 revoces;
1179 2562 1302 2603 porro
1330 2549 1372 2588 in
1400 2547 1530 2589 Oxon.
1563 2552 1624 2587 est
1645 2542 1843 2585 καλλίων
1872 2556 1931 2582 αν

151 2601 229 2645 καὶ
254 2599 458 2657 οἷμείνων
485 2601 737 2659 γενήσεται,
774 2609 886 2658 quod
917 2622 1008 2648 cum
1040 2607 1238 2662 genitivis
1274 2606 1357 2646 illis
1386 2606 1653 2657 conjunctum
1683 2615 1766 2643 non
1792 2602 1931 2641 minus

152 2664 303 2704 bonum
334 2677 504 2704 sensum
531 2677 656 2716 quam
685 2664 798 2717 vulg.
829 2666 1021 2717 praebet:
1051 2678 1131 2706 non
1157 2665 1286 2716 facile
1315 2663 1422 2703 duae
1447 2663 1633 2715 familiae
1659 2661 1930 2710 invenientur,

151 2720 295 2773 quibus
327 2723 534 2772 affinitate
560 2722 725 2773 junctis
754 2723 896 2763 melior
927 2725 1076 2774 proles
1104 2726 1324 2773 nascatur,
1356 2733 1475 2773 quam
1502 2720 1610 2760 unde
1645 2725 1687 2759 tu
1714 2723 1835 2756 natus
1870 2728 1928 2756 es.

136 2770 215 2818 '’Av
243 2792 333 2817 cum
367 2779 505 2818 futuro
538 2791 588 2818 ne
616 2779 751 2831 ipsum
784 2780 954 2830 quidem
986 2778 1190 2832 exemplis
1217 2784 1349 2825 caret3
1390 2790 1498 2818 nunc
1521 2783 1659 2841 amntem
1688 2788 1735 2815 eo
1766 2773 1930 2813 facilius

151 2847 400 2887 excusatur,
438 2837 535 2886 quia
565 2849 801 2889 praegnans
828 2838 959 2877 oratio
988 2844 1050 2876 est
1078 2849 1153 2888 pro
1180 2831 1420 2888 γενήσεται
1449 2826 1499 2880 ὃς
1528 2846 1586 2872 αν
1616 2829 1813 2872 καλλίων
1837 2827 1924 2881 εἴη,
1993 2871 1994 2874 ¹

151 2899 196 2931 ut
222 2893 318 2936 Eur.
344 2892 431 2933 Alc.
465 2890 546 2934 180
573 2892 636 2934 vel
659 2893 872 2947 Aristoph.
895 2894 1000 2946 Equ.
1032 2889 1163 2937 1257:
1193 2886 1240 2932 σέ·
1271 2884 1321 2932 δ’
1343 2884 1475 2937 ἄλλος
1502 2903 1571 2937 τις
1595 2882 1746 2946 λαβών
1771 2880 1918 2938 κεκτη(
1993 2889 1994 2892 ’
