1962 3112
103 175 163 219 35
575 167 896 218 ΙΠΠΙΑΣ
936 169 1295 218 ΜΕΙΖΩΝ.
1677 164 1780 221 397

102 306 163 364 δὲ
181 306 285 378 μή,
306 300 345 378 ἦ
362 303 497 361 ἄλλο
519 301 715 359 ὁτιοῦν
735 307 850 358 τῶν
868 302 1152 359 τοιούτων.
1193 299 1373 368 οὕτως
1393 305 1561 374 αἱρεῖ,
1595 302 1782 373 ὥσπερ

103 388 236 460 ἐγώ,
255 384 293 459 ἦ
311 389 560 454 ἐκείνωςς

245 476 349 527 ΙΠ.
390 468 583 534 Οὕτως
600 473 773 540 ἔγωγε
785 511 801 540 ,
819 491 862 525 ω
882 467 1194 537 Σώκρατες.

243 558 370 609 ΣΩ.
407 545 495 607 Εὖ
513 573 575 622 γε
595 549 667 606 σύ
687 558 894 622 ποιῶν,
919 545 964 606 ὦ
981 549 1159 607 Ἱππία
1172 594 1186 621 ,
1217 555 1310 607 ἵνα
1338 553 1429 607 καὶ
1449 550 1786 623 ἀπαλλαγῶ-

109 656 211 705 μεν
230 641 486 699 πλείονος
508 634 805 705 ζητήσεως·
845 639 895 690 εἰ
921 632 1030 705 γὰρ
1059 635 1279 690 τούτων
1307 633 1355 705 γ’
1376 636 1491 691 ἐστὶ
1508 633 1570 691 τὸ
1591 634 1786 707 καλόν,
1821 647 1856 689 Ι)

28 705 38 717 ’
108 716 212 773 οὐκ
239 713 312 771 ἂν
330 721 407 772 ἔτι
426 725 509 787 εἴη
529 714 591 772 τὸ
621 714 687 772 δι’
708 715 888 783 ὅψεως
908 718 999 773 καὶ
1029 714 1200 788 ἀκοῆς
1228 714 1336 788 ἡδύ
1357 716 1546 773 καλόν.
1599 715 1789 788 ἀμφό-

104 821 235 869 τερα
254 799 355 872 μὲν
373 797 480 870 γὰρ
503 810 653 854 ποιεῖ
664 797 806 855 καλὰ
822 797 879 855 τὸ
909 798 976 854 δι’
996 797 1178 865 ὅψεως
1197 802 1291 855 καὶ
1310 797 1499 870 α’κοῆς,
1522 799 1788 870 ἑκάτερον

105 879 157 936 δ’
181 881 251 938 οὔ
266 905 276 914 ·
312 887 478 938 τοῦτο
501 879 553 936 δ’
578 874 651 951 ἦν
669 879 982 951 ἀδύνατον,
1016 878 1089 946 ὥς
1118 880 1229 952 ἐγώ
1258 902 1316 935 τε
1336 883 1427 936 καὶ
1447 878 1519 935 σύ
1541 878 1607 952 δὴ
1633 878 1786 952 ὦμο-

103 971 407 1036 λογοῦμεν,
435 958 480 1019 ὦ
490 961 687 1019 Ἱππία.

238 1053 338 1104 m.
377 1044 798 1118 Ὡμολογοῦμεν
815 1045 940 1117 γάρ.

239 1136 364 1187 ΣΩ.
411 1127 718 1185 Ἀδύνατον
747 1127 861 1197 ἄρα
879 1126 940 1184 τὸ
964 1125 1026 1183 δι’
1052 1125 1235 1194 ὅψεως
1253 1128 1344 1184 καὶ
1364 1125 1536 1199 ἀκοῆς
1553 1125 1662 1198 ἡδὺ
1681 1151 1787 1184 κα-

101 1212 203 1269 λὸν
223 1212 391 1282 εἶναι,
431 1210 618 1283 ἐπειδή
643 1233 705 1281 γε
727 1210 904 1267 καλὸν
923 1210 1262 1282 γιγνόμενον
1278 1217 1393 1267 τῶν
1414 1208 1712 1268 ἀδυνάτων
1741 1236 1793 1269 τι

101 1300 407 1367 παρέχεται.

245 1384 347 1435 ΙΠ.
391 1378 539 1433 ’Ἐστι
556 1382 743 1432 ταῦτα.

244 1465 424 1516 XXIX.
499 1465 625 1515 Σῼ.
679 1461 882 1530 Λέγετε
929 1456 994 1530 δὴ
1036 1458 1203 1514 πάλιν
1218 1501 1233 1530 ,
1274 1458 1467 1530 φήσει,
1511 1463 1564 1527 ἐξ
1601 1460 1787 1535 ἀρχῆς,

105 1541 289 1613 ἐπειδὴ
327 1540 534 1597 τούτου
572 1540 895 1612 διημάρτετε
911 1563 921 1573 ·
977 1545 1036 1595 τί
1065 1562 1205 1611 φατε
1234 1539 1376 1596 εἶναι
1404 1547 1569 1598 τοῦτο
1589 1541 1650 1598 τὰ
1682 1567 1780 1599 κα-
1816 1555 1851 1599 Ε

105 1632 206 1682 λον
233 1620 296 1679 τὸ
323 1620 410 1679 ἐπ’
431 1621 767 1694 ἀμφοτέραις
789 1634 906 1689 ταῖς
930 1620 1183 1695 ἡδοναῖς,
1223 1620 1286 1677 δι’
1312 1621 1346 1678 ὅ
1373 1645 1425 1678 τι
1445 1623 1649 1690 ταύτας
1675 1623 1782 1696 πρὸ

0 1735 3 1751 ·
100 1713 215 1763 τῶν
252 1704 441 1762 ἄλλων
473 1704 800 1776 τιμήσαντες
840 1705 1012 1771 καλὰς
1051 1704 1400 1776 ὦνομοὶσατες
1456 1703 1673 1780 ἀνάγκη
1714 1709 1785 1780 δή

0 1800 1 1804 ’
102 1811 195 1861 μοι
223 1792 399 1855 δοκεῖ,
439 1782 484 1843 ὦ
510 1786 721 1858 Ἱππία,
760 1790 970 1859 λέγειν,
1010 1785 1093 1844 ὅτι
1116 1785 1467 1843 ἀσινέσταται
1491 1782 1654 1845 αὗται
1671 1798 1786 1847 τοῖν

104 1869 327 1943 ἡδονῶν
358 1873 461 1927 εἰσὶ
488 1872 580 1926 καὶ
607 1872 911 1943 βέλτισται,
951 1870 1042 1926 καὶ
1062 1868 1376 1941 ἀμφότεραι
1404 1870 1497 1925 καὶ
1525 1872 1783 1943 ἑκατέρα·

102 1948 142 2024 ἢ
160 1954 232 2008 σύ
252 1976 300 2009 τι
322 1958 457 2024 ἔχεις
476 1958 661 2023 λέγειν
680 1951 817 2010 ἄλλο
831 1995 846 2023 ,
870 1945 918 2027 ᾦ
943 1955 1270 2023 διαφέρουσι
1290 1958 1405 2007 τῶν
1424 1951 1644 2021 &mmm

241 2041 341 2092 117.
385 2034 685 2105 Οὐδαμῶς·
721 2040 797 2109 τῷ
817 2033 936 2091 ὄντι
956 2032 1063 2104 γὰρ
1083 2037 1361 2105 βέλτισταί
1377 2039 1532 2089 εἰσιν.

245 2123 370 2173 ΣΩ.
429 2114 586 2172 Τοῦτ’
609 2115 751 2188 ἄρα,
788 2116 984 2188 φήσει,
1026 2118 1210 2187 λέγετε
1241 2115 1307 2187 δὴ
1341 2117 1401 2171 τὸ
1435 2115 1610 2173 καλὸν
1630 2116 1788 2193 εἶναι,

103 2196 319 2269 ἡδονὴν
339 2196 653 2269 ὦφέλιμον;
690 2200 974 2270 ἐοίκαμεν,
997 2199 1159 2270 φήσω
1178 2202 1350 2270 ἔγωγε
1365 2221 1376 2232 ·
1420 2197 1492 2255 σύ
1515 2200 1580 2256 δέ
1587 2223 1600 2265 ;

243 2287 343 2338 ῙΠ.
396 2285 504 2339 Καὶ
531 2282 655 2352 ἐγώ.

246 2369 371 2421 ΣΩ.
415 2361 648 2419 Οὐκοῦν
670 2362 978 2436 ὠφέλιμον,
1001 2365 1184 2436 φήσει,
1208 2362 1268 2421 τὸ
1292 2372 1495 2421 ποιοῦν
1513 2363 1787 2440 τάγαθόν,

106 2444 167 2501 τὸ
201 2447 258 2502 δὲ
290 2451 493 2500 ποιοῦν
523 2447 614 2502 καὶ
643 2444 704 2501 τὸ
739 2446 1080 2517 ποιούμενον
1117 2448 1307 2518 ἕτερον
1338 2453 1447 2503 νῦν
1485 2445 1552 2520 δὴ
1591 2448 1791 2523 ἐφάνη,

110 2529 202 2584 καὶ
223 2532 299 2592 εἰς
318 2526 419 2583 τὸν
438 2528 718 2597 πρότερον
737 2527 908 2599 λόγον
928 2527 1051 2599 ἥκει
1079 2526 1215 2599 ὑμῖν
1243 2526 1273 2586 ὁ
1294 2527 1484 2600 λόγοςς
1525 2527 1655 2586 οὔτε
1684 2528 1791 2603 γὰρ

106 2607 167 2665 τό
200 2607 424 2680 ἀγαθὸν
453 2605 525 2665 ἂν
556 2618 640 2682 εἴη
670 2609 847 2666 καλὸν
877 2609 1005 2666 οὔτε
1034 2608 1095 2665 τὰ
1131 2610 1308 2667 καλὸν
1341 2611 1594 2683 αγαθόν,
1636 2621 1789 2685 εἴπερ
1817 2623 1904 2671 304

107 2689 242 2747 ἄλλο
260 2689 450 2748 αὐτῶν
469 2692 736 2764 ἑκάτερόν
755 2695 880 2748 ἐστι.
930 2692 1137 2758 παντός
1154 2714 1216 2763 γε
1237 2700 1479 2765 μᾶλλον,
1512 2693 1786 2767 φήσομεν,

113 2767 157 2828 ὦ
181 2770 367 2830 Ἱππία
382 2818 397 2846 ,
435 2771 508 2831 ἂν
529 2784 936 2849 σωφρονῶμεν·
977 2781 1047 2833 ού
1065 2778 1173 2850 γάρ
1194 2800 1305 2835 που
1324 2783 1487 2851 θέμις
1504 2787 1585 2852 τῷ
1600 2777 1789 2850 ὀρθῶς

107 2857 324 2926 λέγοντι
341 2854 415 2929 μὴ
439 2872 761 2931 συγχωρεῖν.
