<?xml version="1.0" encoding="UTF-8"?>
<!DOCTYPE html PUBLIC "-//W3C//DTD XHTML 1.0 Transitional//EN"
    "http://www.w3.org/TR/xhtml1/DTD/xhtml1-transitional.dtd">
<html xmlns="http://www.w3.org/1999/xhtml" xml:lang="en" lang="en">
 <head>
  <title>
</title>
<meta http-equiv="Content-Type" content="text/html;charset=utf-8" />
  <meta name='ocr-system' content='tesseract 3.04.00' />
  <meta name='ocr-capabilities' content='ocr_page ocr_carea ocr_par ocr_line ocrx_word'/>
</head>
<body>
  <div class='ocr_page' id='page_1' title='image "./dialogisecumdumt03platuoft_0052.png"; bbox 0 0 1994 3100; ppageno 0'>
   <div class='ocr_carea' id='block_1_1' title="bbox 200 115 1269 173">
    <p class='ocr_par' dir='ltr' id='par_1_1' title="bbox 200 115 1269 173">
     <span class='ocr_line' id='line_1_1' title="bbox 200 115 1269 173; baseline -0.004 -7"><span class='ocrx_word' id='word_1_1' title='bbox 200 115 265 166; x_wconf 82' lang='grc'><strong><em>18</em></strong></span> <span class='ocrx_word' id='word_1_2' title='bbox 392 172 396 173; x_wconf 15' lang='lat'><em>⁷</em></span> <span class='ocrx_word' id='word_1_3' title='bbox 798 115 1269 163; x_wconf 76' lang='grc' dir='ltr'><strong><em>ΠΛΑΤΩΝΟΣ</em></strong></span> 
     </span>
    </p>
   </div>
   <div class='ocr_carea' id='block_1_2' title="bbox 203 244 1872 320">
    <p class='ocr_par' dir='ltr' id='par_1_2' title="bbox 203 244 1872 320">
     <span class='ocr_line' id='line_1_2' title="bbox 203 244 1872 320; baseline -0.001 -16"><span class='ocrx_word' id='word_1_4' title='bbox 203 247 644 320; x_wconf 76' lang='grc' dir='ltr'><strong><em>ἀποκρινόμενος</em></strong></span> <span class='ocrx_word' id='word_1_5' title='bbox 667 248 727 303; x_wconf 87' lang='grc' dir='ltr'><strong><em>τὸ</em></strong></span> <span class='ocrx_word' id='word_1_6' title='bbox 750 246 1113 317; x_wconf 88' lang='grc' dir='ltr'><strong><em>ἐρωτώμενον</em></strong></span> <span class='ocrx_word' id='word_1_7' title='bbox 1134 244 1241 319; x_wconf 80' lang='grc' dir='ltr'><strong><em>ὅπῃ</em></strong></span> <span class='ocrx_word' id='word_1_8' title='bbox 1261 265 1348 303; x_wconf 89' lang='grc' dir='ltr'><strong><em>σοι</em></strong></span> <span class='ocrx_word' id='word_1_9' title='bbox 1367 254 1645 319; x_wconf 89' lang='grc' dir='ltr'><strong><em>φαίνεται,</em></strong></span> <span class='ocrx_word' id='word_1_10' title='bbox 1676 252 1736 303; x_wconf 82' lang='grc' dir='ltr'><strong><em>ἔα</em></strong></span> <span class='ocrx_word' id='word_1_11' title='bbox 1755 253 1872 318; x_wconf 86' lang='grc' dir='ltr'><strong><em>χαί-</em></strong></span> 
     </span>
    </p>
   </div>
   <div class='ocr_carea' id='block_1_3' title="bbox 144 327 1873 403">
    <p class='ocr_par' dir='ltr' id='par_1_3' title="bbox 144 327 1873 403">
     <span class='ocr_line' id='line_1_3' title="bbox 144 327 1873 403; baseline -0.001 -16"><span class='ocrx_word' id='word_1_12' title='bbox 144 345 174 386; x_wconf 81' lang='lat' dir='ltr'>E</span> <span class='ocrx_word' id='word_1_13' title='bbox 202 353 348 403; x_wconf 89' lang='grc' dir='ltr'><strong><em>ρειν,</em></strong></span> <span class='ocrx_word' id='word_1_14' title='bbox 389 339 494 387; x_wconf 76' lang='grc' dir='ltr'><strong><em>εἴτε</em></strong></span> <span class='ocrx_word' id='word_1_15' title='bbox 519 336 745 400; x_wconf 80' lang='grc' dir='ltr'><em>Κριτίας</em></span> <span class='ocrx_word' id='word_1_16' title='bbox 782 330 1064 384; x_wconf 78' lang='grc' dir='ltr'><strong><em>ἐστὶνέἵτε</em></strong></span> <span class='ocrx_word' id='word_1_17' title='bbox 1091 329 1393 400; x_wconf 80' lang='grc' dir='ltr'><em>Σωκράτης</em></span> <span class='ocrx_word' id='word_1_18' title='bbox 1428 327 1457 386; x_wconf 85' lang='grc' dir='ltr'>ὁ</span> <span class='ocrx_word' id='word_1_19' title='bbox 1494 330 1873 401; x_wconf 79' lang='grc' dir='ltr'><strong><em>ἐλεγχόμενος·</em></strong></span> 
     </span>
    </p>
   </div>
   <div class='ocr_carea' id='block_1_4' title="bbox 89 1081 168 1126">
    <p class='ocr_par' dir='ltr' id='par_1_4' title="bbox 89 1081 168 1126">
     <span class='ocr_line' id='line_1_4' title="bbox 89 1081 168 1126; baseline 0.025 -2"><span class='ocrx_word' id='word_1_20' title='bbox 89 1081 168 1126; x_wconf 90' lang='grc'><strong><em>167</em></strong></span> 
     </span>
    </p>
   </div>
   <div class='ocr_carea' id='block_1_5' title="bbox 200 407 1877 1625">
    <p class='ocr_par' dir='ltr' id='par_1_5' title="bbox 200 407 1875 726">
     <span class='ocr_line' id='line_1_5' title="bbox 200 407 1875 486; baseline -0.001 -18"><span class='ocrx_word' id='word_1_21' title='bbox 200 412 323 468; x_wconf 79' lang='grc' dir='ltr'><em>ἀλλ’</em></span> <span class='ocrx_word' id='word_1_22' title='bbox 361 411 509 486; x_wconf 80' lang='grc' dir='ltr'><strong><em>αὐτῷ</em></strong></span> <span class='ocrx_word' id='word_1_23' title='bbox 547 413 832 482; x_wconf 79' lang='grc' dir='ltr'><strong><em>προσέχων</em></strong></span> <span class='ocrx_word' id='word_1_24' title='bbox 865 407 964 465; x_wconf 79' lang='grc' dir='ltr'><strong><em>τὸν</em></strong></span> <span class='ocrx_word' id='word_1_25' title='bbox 999 417 1140 465; x_wconf 83' lang='grc' dir='ltr'><strong><em>νοῦν</em></strong></span> <span class='ocrx_word' id='word_1_26' title='bbox 1177 417 1253 483; x_wconf 78' lang='grc' dir='ltr'><strong><em>τῷ</em></strong></span> <span class='ocrx_word' id='word_1_27' title='bbox 1292 411 1437 484; x_wconf 78' lang='grc' dir='ltr'><strong><em>λόγῳ</em></strong></span> <span class='ocrx_word' id='word_1_28' title='bbox 1477 422 1728 480; x_wconf 82' lang='grc' dir='ltr'><strong><em>σκοπεῖν,</em></strong></span> <span class='ocrx_word' id='word_1_29' title='bbox 1766 411 1875 482; x_wconf 81' lang='grc' dir='ltr'><strong><em>ὅπῃ</em></strong></span> 
     </span>
     <span class='ocr_line' id='line_1_6' title="bbox 201 489 1872 564; baseline -0.001 -15"><span class='ocrx_word' id='word_1_30' title='bbox 201 494 330 550; x_wconf 74' lang='grc' dir='ltr'><strong><em>ποτὲ</em></strong></span> <span class='ocrx_word' id='word_1_31' title='bbox 351 494 636 564; x_wconf 85' lang='grc' dir='ltr'><strong><em>ἐκβήσεται</em></strong></span> <span class='ocrx_word' id='word_1_32' title='bbox 655 491 1020 562; x_wconf 81' lang='grc' dir='ltr'><strong><em>ἐλεγχόμενος.</em></strong></span> <span class='ocrx_word' id='word_1_33' title='bbox 1087 489 1247 547; x_wconf 85' lang='grc' dir='ltr'><strong><em>Ἀλλά</em></strong></span> <span class='ocrx_word' id='word_1_34' title='bbox 1262 533 1278 562; x_wconf 94' lang='grc'><strong><em>,</em></strong></span> <span class='ocrx_word' id='word_1_35' title='bbox 1301 495 1404 562; x_wconf 84' lang='grc' dir='ltr'><strong><em>ἔφη</em></strong></span> <span class='ocrx_word' id='word_1_36' title='bbox 1420 535 1432 559; x_wconf 89' lang='grc'><strong><em>,</em></strong></span> <span class='ocrx_word' id='word_1_37' title='bbox 1470 493 1680 563; x_wconf 89' lang='grc' dir='ltr'><strong><em>ποιήσω</em></strong></span> <span class='ocrx_word' id='word_1_38' title='bbox 1703 492 1872 548; x_wconf 80' lang='grc' dir='ltr'><strong><em>οὕτω·</em></strong></span> 
     </span>
     <span class='ocr_line' id='line_1_7' title="bbox 202 567 1874 645; baseline -0.001 -15"><span class='ocrx_word' id='word_1_39' title='bbox 202 579 379 638; x_wconf 78' lang='grc' dir='ltr'><strong><em>δοκεῖς</em></strong></span> <span class='ocrx_word' id='word_1_40' title='bbox 410 575 515 645; x_wconf 78' lang='grc' dir='ltr'><strong><em>γάρ</em></strong></span> <span class='ocrx_word' id='word_1_41' title='bbox 545 596 638 644; x_wconf 82' lang='grc' dir='ltr'><strong><em>μοι.</em></strong></span> <span class='ocrx_word' id='word_1_42' title='bbox 666 576 855 643; x_wconf 87' lang='grc' dir='ltr'><strong><em>με’τρια</em></strong></span> <span class='ocrx_word' id='word_1_43' title='bbox 884 576 1076 643; x_wconf 79' lang='grc' dir='ltr'><strong><em>λέγειν.</em></strong></span> <span class='ocrx_word' id='word_1_44' title='bbox 1147 576 1285 642; x_wconf 78' lang='grc' dir='ltr'><strong><em>Λέγε</em></strong></span> <span class='ocrx_word' id='word_1_45' title='bbox 1317 579 1535 644; x_wconf 80' lang='grc' dir='ltr'><strong><em>τοίνυν,</em></strong></span> <span class='ocrx_word' id='word_1_46' title='bbox 1573 567 1645 644; x_wconf 80' lang='grc' dir='ltr'><strong><em>ἦν</em></strong></span> <span class='ocrx_word' id='word_1_47' title='bbox 1675 572 1724 627; x_wconf 84' lang='grc' dir='ltr'><strong><em>δ’</em></strong></span> <span class='ocrx_word' id='word_1_48' title='bbox 1749 573 1874 643; x_wconf 74' lang='grc' dir='ltr'><strong><em>ἐγώ,</em></strong></span> 
     </span>
     <span class='ocr_line' id='line_1_8' title="bbox 201 655 1177 726; baseline -0.003 -14"><span class='ocrx_word' id='word_1_49' title='bbox 201 658 324 725; x_wconf 87' lang='grc' dir='ltr'><strong><em>περὶ</em></strong></span> <span class='ocrx_word' id='word_1_50' title='bbox 343 662 437 726; x_wconf 84' lang='grc' dir='ltr'><strong><em>τῆς</em></strong></span> <span class='ocrx_word' id='word_1_51' title='bbox 458 655 825 725; x_wconf 79' lang='grc' dir='ltr'><strong><em>σωφροσύνης</em></strong></span> <span class='ocrx_word' id='word_1_52' title='bbox 844 661 958 719; x_wconf 73' lang='grc' dir='ltr'><strong><em>πῶς</em></strong></span> <span class='ocrx_word' id='word_1_53' title='bbox 978 657 1176 724; x_wconf 78' lang='grc' dir='ltr'><strong><em>λέγεις·</em></strong></span> <span class='ocrx_word' id='word_1_54' title='bbox 1163 697 1177 720; x_wconf 94' lang='grc'><strong><em>,</em></strong></span> 
     </span>
    </p>

    <p class='ocr_par' dir='ltr' id='par_1_6' title="bbox 201 734 1877 1625">
     <span class='ocr_line' id='line_1_9' title="bbox 339 734 1877 807; baseline -0.005 -12"><span class='ocrx_word' id='word_1_55' title='bbox 339 743 452 794; x_wconf 90' lang='lat' dir='ltr'><strong><em>XV.</em></strong></span> <span class='ocrx_word' id='word_1_56' title='bbox 524 739 683 806; x_wconf 83' lang='grc' dir='ltr'><em>Λέγω</em></span> <span class='ocrx_word' id='word_1_57' title='bbox 712 743 931 805; x_wconf 82' lang='grc' dir='ltr'><strong><em>τοίνυν,</em></strong></span> <span class='ocrx_word' id='word_1_58' title='bbox 970 739 1002 805; x_wconf 80' lang='grc' dir='ltr'><em>ἡ</em></span> <span class='ocrx_word' id='word_1_59' title='bbox 1034 734 1083 790; x_wconf 82' lang='grc' dir='ltr'><strong><em>δ’</em></strong></span> <span class='ocrx_word' id='word_1_60' title='bbox 1119 735 1204 807; x_wconf 80' lang='grc' dir='ltr'><strong><em>ὅς,</em></strong></span> <span class='ocrx_word' id='word_1_61' title='bbox 1243 736 1328 791; x_wconf 82' lang='grc' dir='ltr'><strong><em>ὅτι</em></strong></span> <span class='ocrx_word' id='word_1_62' title='bbox 1364 735 1504 807; x_wconf 89' lang='grc' dir='ltr'><strong><em>μόνη</em></strong></span> <span class='ocrx_word' id='word_1_63' title='bbox 1543 758 1655 790; x_wconf 90' lang='grc' dir='ltr'><strong><em>των</em></strong></span> <span class='ocrx_word' id='word_1_64' title='bbox 1691 734 1877 789; x_wconf 82' lang='grc' dir='ltr'><strong><em>ἄλλων</em></strong></span> 
     </span>
     <span class='ocr_line' id='line_1_10' title="bbox 201 815 1876 890; baseline -0.002 -16"><span class='ocrx_word' id='word_1_65' title='bbox 201 820 514 890; x_wconf 79' lang='grc' dir='ltr'><strong><em>ἐπιστημῶν</em></strong></span> <span class='ocrx_word' id='word_1_66' title='bbox 544 818 684 889; x_wconf 81' lang='grc' dir='ltr'><strong><em>αὐτή</em></strong></span> <span class='ocrx_word' id='word_1_67' title='bbox 711 840 769 873; x_wconf 87' lang='grc' dir='ltr'><strong><em>τε</em></strong></span> <span class='ocrx_word' id='word_1_68' title='bbox 795 815 963 886; x_wconf 79' lang='grc' dir='ltr'><strong><em>αὐτῆς</em></strong></span> <span class='ocrx_word' id='word_1_69' title='bbox 991 818 1102 872; x_wconf 86' lang='grc' dir='ltr'><strong><em>ἐστὶ</em></strong></span> <span class='ocrx_word' id='word_1_70' title='bbox 1124 819 1214 872; x_wconf 85' lang='grc' dir='ltr'><strong><em>καὶ</em></strong></span> <span class='ocrx_word' id='word_1_71' title='bbox 1232 824 1344 872; x_wconf 79' lang='grc' dir='ltr'><strong><em>τῶν</em></strong></span> <span class='ocrx_word' id='word_1_72' title='bbox 1363 816 1546 872; x_wconf 79' lang='grc' dir='ltr'><strong><em>ἄλλων</em></strong></span> <span class='ocrx_word' id='word_1_73' title='bbox 1566 819 1876 886; x_wconf 74' lang='grc' dir='ltr'><strong><em>ἐπιστημῶν</em></strong></span> 
     </span>
     <span class='ocr_line' id='line_1_11' title="bbox 201 892 1876 972; baseline -0.002 -16"><span class='ocrx_word' id='word_1_74' title='bbox 201 902 483 972; x_wconf 84' lang='grc' dir='ltr'><strong><em>ἐπιστήμη.</em></strong></span> <span class='ocrx_word' id='word_1_75' title='bbox 550 899 795 967; x_wconf 81' lang='grc' dir='ltr'><strong><em>Οὐκοῦν,</em></strong></span> <span class='ocrx_word' id='word_1_76' title='bbox 815 892 887 969; x_wconf 78' lang='grc' dir='ltr'><strong><em>ἦν</em></strong></span> <span class='ocrx_word' id='word_1_77' title='bbox 901 901 933 952; x_wconf 94' lang='lat'>6</span> <span class='ocrx_word' id='word_1_78' title='bbox 942 896 955 917; x_wconf 88' lang='lat'>&#39;</span> <span class='ocrx_word' id='word_1_79' title='bbox 976 898 1102 968; x_wconf 79' lang='grc' dir='ltr'><strong><em>ἐγώ,</em></strong></span> <span class='ocrx_word' id='word_1_80' title='bbox 1124 901 1213 953; x_wconf 87' lang='grc' dir='ltr'><strong><em>καὶ</em></strong></span> <span class='ocrx_word' id='word_1_81' title='bbox 1233 897 1784 969; x_wconf 80' lang='grc' dir='ltr'><strong><em>ἀνεπιστημοσύνης’</em></strong></span> <span class='ocrx_word' id='word_1_82' title='bbox 1757 916 1876 952; x_wconf 78' lang='grc' dir='ltr'><strong><em>επι-</em></strong></span> 
     </span>
     <span class='ocr_line' id='line_1_12' title="bbox 202 979 1874 1055; baseline -0.001 -17"><span class='ocrx_word' id='word_1_83' title='bbox 202 984 376 1055; x_wconf 87' lang='grc' dir='ltr'><strong><em>στήμη</em></strong></span> <span class='ocrx_word' id='word_1_84' title='bbox 407 980 480 1039; x_wconf 72' lang='grc' dir='ltr'><strong><em>ἂν</em></strong></span> <span class='ocrx_word' id='word_1_85' title='bbox 512 991 623 1054; x_wconf 76' lang='grc' dir='ltr'><strong><em>εἴη,</em></strong></span> <span class='ocrx_word' id='word_1_86' title='bbox 663 990 814 1052; x_wconf 76' lang='grc' dir='ltr'><strong><em>εἴπερ</em></strong></span> <span class='ocrx_word' id='word_1_87' title='bbox 846 983 936 1037; x_wconf 87' lang='grc' dir='ltr'><strong><em>καὶ</em></strong></span> <span class='ocrx_word' id='word_1_88' title='bbox 966 982 1282 1053; x_wconf 84' lang='grc' dir='ltr'><strong><em>ἐπιστήμης;</em></strong></span> <span class='ocrx_word' id='word_1_89' title='bbox 1319 982 1483 1037; x_wconf 92' lang='grc' dir='ltr'><strong><em>Πάνυ</em></strong></span> <span class='ocrx_word' id='word_1_90' title='bbox 1508 1004 1597 1053; x_wconf 77' lang='grc' dir='ltr'><strong><em>γε,</em></strong></span> <span class='ocrx_word' id='word_1_91' title='bbox 1637 987 1758 1052; x_wconf 80' lang='grc' dir='ltr'><strong><em>ἔφη.</em></strong></span> <span class='ocrx_word' id='word_1_92' title='bbox 1819 979 1874 1036; x_wconf 90' lang='grc' dir='ltr'><strong><em>Ὁ</em></strong></span> 
     </span>
     <span class='ocr_line' id='line_1_13' title="bbox 204 1060 1875 1135; baseline -0.001 -16"><span class='ocrx_word' id='word_1_93' title='bbox 204 1065 311 1133; x_wconf 88' lang='grc' dir='ltr'><strong><em>άρα</em></strong></span> <span class='ocrx_word' id='word_1_94' title='bbox 330 1065 576 1135; x_wconf 91' lang='grc' dir='ltr'><strong><em>σώφρων</em></strong></span> <span class='ocrx_word' id='word_1_95' title='bbox 605 1064 776 1134; x_wconf 86' lang='grc' dir='ltr'><strong><em>μόνος</em></strong></span> <span class='ocrx_word' id='word_1_96' title='bbox 793 1060 960 1128; x_wconf 79' lang='grc' dir='ltr'><strong><em>αὐτός</em></strong></span> <span class='ocrx_word' id='word_1_97' title='bbox 990 1085 1046 1119; x_wconf 90' lang='grc' dir='ltr'><strong><em>τε</em></strong></span> <span class='ocrx_word' id='word_1_98' title='bbox 1076 1065 1273 1120; x_wconf 79' lang='grc' dir='ltr'><strong><em>ἑαυτὸν</em></strong></span> <span class='ocrx_word' id='word_1_99' title='bbox 1292 1063 1561 1134; x_wconf 81' lang='grc' dir='ltr'><strong><em>γνώσεται</em></strong></span> <span class='ocrx_word' id='word_1_100' title='bbox 1580 1066 1669 1119; x_wconf 88' lang='grc' dir='ltr'><strong><em>καὶ</em></strong></span> <span class='ocrx_word' id='word_1_101' title='bbox 1688 1062 1802 1127; x_wconf 80' lang='grc' dir='ltr'><strong><em>οἰός</em></strong></span> <span class='ocrx_word' id='word_1_102' title='bbox 1821 1085 1875 1118; x_wconf 83' lang='grc' dir='ltr'><strong><em>τε</em></strong></span> 
     </span>
     <span class='ocr_line' id='line_1_14' title="bbox 203 1143 1872 1216; baseline -0.002 -14"><span class='ocrx_word' id='word_1_103' title='bbox 203 1152 351 1202; x_wconf 82' lang='grc' dir='ltr'><strong><em>ἔσται</em></strong></span> <span class='ocrx_word' id='word_1_104' title='bbox 382 1147 626 1212; x_wconf 78' lang='grc' dir='ltr'><strong><em>ἐξετάσαι</em></strong></span> <span class='ocrx_word' id='word_1_105' title='bbox 655 1151 711 1201; x_wconf 91' lang='grc' dir='ltr'><strong><em>τί</em></strong></span> <span class='ocrx_word' id='word_1_106' title='bbox 735 1167 792 1201; x_wconf 91' lang='grc' dir='ltr'><strong><em>τε</em></strong></span> <span class='ocrx_word' id='word_1_107' title='bbox 822 1145 1079 1216; x_wconf 77' lang='grc' dir='ltr'><strong><em>τυγχάνει</em></strong></span> <span class='ocrx_word' id='word_1_108' title='bbox 1109 1144 1267 1211; x_wconf 82' lang='grc' dir='ltr'><strong><em>εἰδως</em></strong></span> <span class='ocrx_word' id='word_1_109' title='bbox 1298 1149 1389 1202; x_wconf 84' lang='grc' dir='ltr'><strong><em>καὶ</em></strong></span> <span class='ocrx_word' id='word_1_110' title='bbox 1417 1151 1473 1202; x_wconf 93' lang='grc' dir='ltr'><strong><em>τί</em></strong></span> <span class='ocrx_word' id='word_1_111' title='bbox 1497 1146 1599 1216; x_wconf 87' lang='grc' dir='ltr'><strong><em>μή,</em></strong></span> <span class='ocrx_word' id='word_1_112' title='bbox 1638 1147 1733 1200; x_wconf 87' lang='grc' dir='ltr'><strong><em>καὶ</em></strong></span> <span class='ocrx_word' id='word_1_113' title='bbox 1745 1143 1872 1209; x_wconf 84' lang='grc' dir='ltr'><strong><em>τοὺς</em></strong></span> 
     </span>
     <span class='ocr_line' id='line_1_15' title="bbox 203 1225 1874 1298; baseline -0.002 -14"><span class='ocrx_word' id='word_1_114' title='bbox 203 1228 406 1294; x_wconf 76' lang='grc' dir='ltr'><strong><em>ἄλλους</em></strong></span> <span class='ocrx_word' id='word_1_115' title='bbox 435 1225 697 1293; x_wconf 74' lang='grc' dir='ltr'><strong><em>ὡσαύτως</em></strong></span> <span class='ocrx_word' id='word_1_116' title='bbox 726 1225 963 1291; x_wconf 78' lang='grc' dir='ltr'><strong><em>δυνατὸς</em></strong></span> <span class='ocrx_word' id='word_1_117' title='bbox 996 1232 1146 1283; x_wconf 83' lang='grc' dir='ltr'><strong><em>ἔσται</em></strong></span> <span class='ocrx_word' id='word_1_118' title='bbox 1184 1230 1524 1298; x_wconf 74' lang='grc' dir='ltr'><strong><em>ἐπισκοπεῖν,</em></strong></span> <span class='ocrx_word' id='word_1_119' title='bbox 1559 1233 1615 1282; x_wconf 89' lang='grc' dir='ltr'><strong><em>τί</em></strong></span> <span class='ocrx_word' id='word_1_120' title='bbox 1649 1249 1727 1291; x_wconf 89' lang='grc' dir='ltr'><strong><em>τις</em></strong></span> <span class='ocrx_word' id='word_1_121' title='bbox 1762 1225 1874 1281; x_wconf 80' lang='grc' dir='ltr'><strong><em>οἶδε</em></strong></span> 
     </span>
     <span class='ocr_line' id='line_1_16' title="bbox 201 1303 1873 1380; baseline -0.002 -14"><span class='ocrx_word' id='word_1_122' title='bbox 201 1312 293 1366; x_wconf 86' lang='grc' dir='ltr'><strong><em>καὶ</em></strong></span> <span class='ocrx_word' id='word_1_123' title='bbox 312 1317 509 1377; x_wconf 80' lang='grc' dir='ltr'><strong><em>οἴεται,</em></strong></span> <span class='ocrx_word' id='word_1_124' title='bbox 531 1317 682 1379; x_wconf 76' lang='grc' dir='ltr'><strong><em>εἴπερ</em></strong></span> <span class='ocrx_word' id='word_1_125' title='bbox 705 1308 844 1375; x_wconf 80' lang='grc' dir='ltr'><strong><em>οἶδε,</em></strong></span> <span class='ocrx_word' id='word_1_126' title='bbox 867 1310 957 1364; x_wconf 85' lang='grc' dir='ltr'><strong><em>καὶ</em></strong></span> <span class='ocrx_word' id='word_1_127' title='bbox 976 1315 1029 1364; x_wconf 89' lang='grc' dir='ltr'><strong><em>τί</em></strong></span> <span class='ocrx_word' id='word_1_128' title='bbox 1046 1303 1118 1364; x_wconf 80' lang='grc' dir='ltr'><strong><em>αὖ</em></strong></span> <span class='ocrx_word' id='word_1_129' title='bbox 1141 1317 1310 1365; x_wconf 76' lang='grc' dir='ltr'><strong><em>οἴεται</em></strong></span> <span class='ocrx_word' id='word_1_130' title='bbox 1330 1309 1432 1380; x_wconf 74' lang='grc' dir='ltr'><strong><em>μὲν</em></strong></span> <span class='ocrx_word' id='word_1_131' title='bbox 1450 1312 1668 1378; x_wconf 79' lang='grc' dir='ltr'><strong><em>εἰδέναι,</em></strong></span> <span class='ocrx_word' id='word_1_132' title='bbox 1688 1307 1800 1364; x_wconf 79' lang='grc' dir='ltr'><strong><em>οἶδε</em></strong></span> <span class='ocrx_word' id='word_1_133' title='bbox 1822 1303 1873 1362; x_wconf 91' lang='lat'><strong><em>6’</em></strong></span> 
     </span>
     <span class='ocr_line' id='line_1_17' title="bbox 202 1389 1874 1462; baseline -0.001 -16"><span class='ocrx_word' id='word_1_134' title='bbox 202 1389 288 1461; x_wconf 79' lang='grc' dir='ltr'><strong><em>οὔ,</em></strong></span> <span class='ocrx_word' id='word_1_135' title='bbox 311 1398 424 1446; x_wconf 78' lang='grc' dir='ltr'><strong><em>τών</em></strong></span> <span class='ocrx_word' id='word_1_136' title='bbox 445 1391 503 1447; x_wconf 74' lang='grc' dir='ltr'><strong><em>δὲ</em></strong></span> <span class='ocrx_word' id='word_1_137' title='bbox 524 1391 709 1446; x_wconf 75' lang='grc' dir='ltr'><strong><em>ἄλλων</em></strong></span> <span class='ocrx_word' id='word_1_138' title='bbox 729 1390 934 1455; x_wconf 80' lang='grc' dir='ltr'><strong><em>οὐδείς·</em></strong></span> <span class='ocrx_word' id='word_1_139' title='bbox 964 1392 1054 1446; x_wconf 87' lang='grc' dir='ltr'><strong><em>καὶ</em></strong></span> <span class='ocrx_word' id='word_1_140' title='bbox 1073 1395 1185 1446; x_wconf 84' lang='grc' dir='ltr'><strong><em>ἔστι</em></strong></span> <span class='ocrx_word' id='word_1_141' title='bbox 1208 1393 1273 1462; x_wconf 82' lang='grc' dir='ltr'><strong><em>δὴ</em></strong></span> <span class='ocrx_word' id='word_1_142' title='bbox 1296 1399 1458 1447; x_wconf 84' lang='grc' dir='ltr'><strong><em>τοῦτο</em></strong></span> <span class='ocrx_word' id='word_1_143' title='bbox 1479 1390 1540 1447; x_wconf 81' lang='grc' dir='ltr'><strong><em>τὸ</em></strong></span> <span class='ocrx_word' id='word_1_144' title='bbox 1563 1401 1874 1462; x_wconf 69' lang='grc' dir='ltr'><strong><em>σωφρονεῖν</em></strong></span> 
     </span>
     <span class='ocr_line' id='line_1_18' title="bbox 201 1470 1872 1544; baseline -0.002 -16"><span class='ocrx_word' id='word_1_145' title='bbox 201 1496 257 1528; x_wconf 88' lang='grc' dir='ltr'><strong><em>τε</em></strong></span> <span class='ocrx_word' id='word_1_146' title='bbox 288 1475 378 1528; x_wconf 85' lang='grc' dir='ltr'><strong><em>καὶ</em></strong></span> <span class='ocrx_word' id='word_1_147' title='bbox 407 1472 743 1544; x_wconf 85' lang='grc' dir='ltr'><strong><em>σωφροσύνη</em></strong></span> <span class='ocrx_word' id='word_1_148' title='bbox 773 1475 862 1528; x_wconf 83' lang='grc' dir='ltr'><strong><em>καὶ</em></strong></span> <span class='ocrx_word' id='word_1_149' title='bbox 890 1471 951 1527; x_wconf 88' lang='grc' dir='ltr'>τό</span> <span class='ocrx_word' id='word_1_150' title='bbox 982 1471 1182 1528; x_wconf 77' lang='grc' dir='ltr'><strong><em>ἑαυτὸν</em></strong></span> <span class='ocrx_word' id='word_1_151' title='bbox 1211 1471 1383 1528; x_wconf 84' lang='grc' dir='ltr'><strong><em>αὐτὸν</em></strong></span> <span class='ocrx_word' id='word_1_152' title='bbox 1416 1473 1773 1544; x_wconf 78' lang='grc' dir='ltr'><strong><em>γιγνώσκειν,</em></strong></span> <span class='ocrx_word' id='word_1_153' title='bbox 1812 1470 1872 1526; x_wconf 79' lang='grc' dir='ltr'><strong><em>τὸ</em></strong></span> 
     </span>
     <span class='ocr_line' id='line_1_19' title="bbox 203 1549 1875 1625; baseline -0.001 -16"><span class='ocrx_word' id='word_1_154' title='bbox 203 1558 406 1610; x_wconf 83' lang='grc' dir='ltr'><strong><em>εἰδέναι</em></strong></span> <span class='ocrx_word' id='word_1_155' title='bbox 425 1554 463 1610; x_wconf 77' lang='grc' dir='ltr'><em>ἅ</em></span> <span class='ocrx_word' id='word_1_156' title='bbox 481 1577 537 1610; x_wconf 91' lang='grc' dir='ltr'><strong><em>τε</em></strong></span> <span class='ocrx_word' id='word_1_157' title='bbox 559 1554 672 1610; x_wconf 79' lang='grc' dir='ltr'><strong><em>οἶδε</em></strong></span> <span class='ocrx_word' id='word_1_158' title='bbox 694 1556 784 1610; x_wconf 84' lang='grc' dir='ltr'><strong><em>καὶ</em></strong></span> <span class='ocrx_word' id='word_1_159' title='bbox 803 1551 836 1609; x_wconf 76' lang='grc' dir='ltr'><em>ἂ</em></span> <span class='ocrx_word' id='word_1_160' title='bbox 856 1552 927 1625; x_wconf 82' lang='grc' dir='ltr'><strong><em>μὴ</em></strong></span> <span class='ocrx_word' id='word_1_161' title='bbox 947 1553 1109 1609; x_wconf 80' lang='grc' dir='ltr'><strong><em>οἶδεν.</em></strong></span> <span class='ocrx_word' id='word_1_162' title='bbox 1132 1549 1241 1624; x_wconf 77' lang='grc' dir='ltr'><strong><em>ἆρα</em></strong></span> <span class='ocrx_word' id='word_1_163' title='bbox 1259 1556 1432 1610; x_wconf 84' lang='grc' dir='ltr'><strong><em>ταῦτά</em></strong></span> <span class='ocrx_word' id='word_1_164' title='bbox 1453 1558 1599 1610; x_wconf 90' lang='grc' dir='ltr'><strong><em>ἐστιν</em></strong></span> <span class='ocrx_word' id='word_1_165' title='bbox 1622 1552 1657 1609; x_wconf 74' lang='grc' dir='ltr'><em>ἃ</em></span> <span class='ocrx_word' id='word_1_166' title='bbox 1676 1558 1875 1624; x_wconf 81' lang='grc' dir='ltr'><strong><em>λέγεις;</em></strong></span> 
     </span>
    </p>
   </div>
   <div class='ocr_carea' id='block_1_6' title="bbox 190 1630 1876 1710">
    <p class='ocr_par' dir='ltr' id='par_1_7' title="bbox 190 1630 1876 1710">
     <span class='ocr_line' id='line_1_20' title="bbox 190 1630 1876 1710; baseline 0.001 -20"><span class='ocrx_word' id='word_1_167' title='bbox 190 1633 407 1706; x_wconf 75' lang='grc' dir='ltr'><strong><em>’Έγωγ’,</em></strong></span> <span class='ocrx_word' id='word_1_168' title='bbox 446 1641 567 1706; x_wconf 83' lang='grc' dir='ltr'><strong><em>ἔφη.</em></strong></span> <span class='ocrx_word' id='word_1_169' title='bbox 641 1635 825 1692; x_wconf 85' lang='grc' dir='ltr'><strong><em>Πάλιν</em></strong></span> <span class='ocrx_word' id='word_1_170' title='bbox 861 1640 1078 1704; x_wconf 87' lang='grc' dir='ltr'><strong><em>τοίνυν,</em></strong></span> <span class='ocrx_word' id='word_1_171' title='bbox 1114 1630 1186 1706; x_wconf 83' lang='grc' dir='ltr'><strong><em>ἦν</em></strong></span> <span class='ocrx_word' id='word_1_172' title='bbox 1225 1635 1277 1692; x_wconf 90' lang='lat'><strong><em>6’</em></strong></span> <span class='ocrx_word' id='word_1_173' title='bbox 1315 1637 1448 1708; x_wconf 80' lang='grc' dir='ltr'><strong><em>ἐγώ,</em></strong></span> <span class='ocrx_word' id='word_1_174' title='bbox 1485 1636 1545 1693; x_wconf 87' lang='grc' dir='ltr'>τό</span> <span class='ocrx_word' id='word_1_175' title='bbox 1585 1645 1770 1707; x_wconf 90' lang='grc' dir='ltr'><strong><em>τρίτον</em></strong></span> <span class='ocrx_word' id='word_1_176' title='bbox 1801 1641 1876 1710; x_wconf 76' lang='grc' dir='ltr'><strong><em>τῷ</em></strong></span> 
     </span>
    </p>
   </div>
   <div class='ocr_carea' id='block_1_7' title="bbox 145 1714 1881 1789">
    <p class='ocr_par' dir='ltr' id='par_1_8' title="bbox 145 1714 1881 1789">
     <span class='ocr_line' id='line_1_21' title="bbox 145 1714 1881 1789; baseline -0.001 -16"><span class='ocrx_word' id='word_1_177' title='bbox 145 1734 174 1774; x_wconf 81' lang='grc' dir='ltr'>Β</span> <span class='ocrx_word' id='word_1_178' title='bbox 203 1723 434 1788; x_wconf 83' lang='grc' dir='ltr'><strong><em>σωτῆρι,</em></strong></span> <span class='ocrx_word' id='word_1_179' title='bbox 476 1715 658 1786; x_wconf 73' lang='grc' dir='ltr'><strong><em>ὥσπερ</em></strong></span> <span class='ocrx_word' id='word_1_180' title='bbox 684 1719 738 1782; x_wconf 83' lang='grc' dir='ltr'><strong><em>ἐξ</em></strong></span> <span class='ocrx_word' id='word_1_181' title='bbox 769 1714 936 1787; x_wconf 78' lang='grc' dir='ltr'><strong><em>ἀρχῆς</em></strong></span> <span class='ocrx_word' id='word_1_182' title='bbox 964 1718 1420 1789; x_wconf 85' lang='grc' dir='ltr'><strong><em>ἐπισκοπώμεθα,</em></strong></span> <span class='ocrx_word' id='word_1_183' title='bbox 1459 1726 1679 1788; x_wconf 73' lang='grc' dir='ltr'><strong><em>πρῶτον</em></strong></span> <span class='ocrx_word' id='word_1_184' title='bbox 1710 1717 1811 1789; x_wconf 73' lang='grc' dir='ltr'><strong><em>μὲν</em></strong></span> <span class='ocrx_word' id='word_1_185' title='bbox 1830 1721 1881 1773; x_wconf 84' lang='grc' dir='ltr'><strong><em>εἰ</em></strong></span> 
     </span>
    </p>
   </div>
   <div class='ocr_carea' id='block_1_8' title="bbox 202 1795 1874 1870">
    <p class='ocr_par' dir='ltr' id='par_1_9' title="bbox 202 1795 1874 1870">
     <span class='ocr_line' id='line_1_22' title="bbox 202 1795 1874 1870; baseline 0.001 -18"><span class='ocrx_word' id='word_1_186' title='bbox 202 1798 445 1854; x_wconf 80' lang='grc' dir='ltr'><strong><em>δυνατόν</em></strong></span> <span class='ocrx_word' id='word_1_187' title='bbox 474 1802 586 1853; x_wconf 87' lang='grc' dir='ltr'><strong><em>ἐστι</em></strong></span> <span class='ocrx_word' id='word_1_188' title='bbox 614 1805 777 1854; x_wconf 80' lang='grc' dir='ltr'><strong><em>τοῦτο</em></strong></span> <span class='ocrx_word' id='word_1_189' title='bbox 807 1797 945 1853; x_wconf 79' lang='grc' dir='ltr'><strong><em>εἶναι</em></strong></span> <span class='ocrx_word' id='word_1_190' title='bbox 973 1795 1009 1868; x_wconf 77' lang='grc' dir='ltr'><em>ἢ</em></span> <span class='ocrx_word' id='word_1_191' title='bbox 1040 1795 1135 1867; x_wconf 78' lang='grc' dir='ltr'><strong><em>οὕ,</em></strong></span> <span class='ocrx_word' id='word_1_192' title='bbox 1170 1797 1231 1853; x_wconf 84' lang='grc' dir='ltr'><strong><em>τὸ</em></strong></span> <span class='ocrx_word' id='word_1_193' title='bbox 1261 1796 1297 1853; x_wconf 70' lang='grc' dir='ltr'><strong><em>δι’</em></strong></span> <span class='ocrx_word' id='word_1_194' title='bbox 1325 1798 1438 1854; x_wconf 82' lang='grc' dir='ltr'><strong><em>οἶδε</em></strong></span> <span class='ocrx_word' id='word_1_195' title='bbox 1467 1801 1558 1855; x_wconf 85' lang='grc' dir='ltr'><strong><em>καὶ</em></strong></span> <span class='ocrx_word' id='word_1_196' title='bbox 1578 1798 1613 1854; x_wconf 75' lang='grc' dir='ltr'><em>ἃ</em></span> <span class='ocrx_word' id='word_1_197' title='bbox 1632 1800 1703 1870; x_wconf 83' lang='grc' dir='ltr'><strong><em>μὴ</em></strong></span> <span class='ocrx_word' id='word_1_198' title='bbox 1726 1799 1874 1855; x_wconf 82' lang='grc' dir='ltr'><strong><em>οἶδεν</em></strong></span> 
     </span>
    </p>
   </div>
   <div class='ocr_carea' id='block_1_9' title="bbox 181 1877 1875 1951">
    <p class='ocr_par' dir='ltr' id='par_1_10' title="bbox 181 1877 1875 1951">
     <span class='ocr_line' id='line_1_23' title="bbox 181 1877 1875 1951; baseline 0.001 -17"><span class='ocrx_word' id='word_1_199' title='bbox 181 1881 405 1935; x_wconf 61' lang='grc' dir='ltr'><strong><em>εἰδέναι</em></strong></span> <span class='ocrx_word' id='word_1_200' title='bbox 426 1877 508 1934; x_wconf 77' lang='grc' dir='ltr'><strong><em>ὅτι</em></strong></span> <span class='ocrx_word' id='word_1_201' title='bbox 529 1879 640 1935; x_wconf 80' lang='grc' dir='ltr'><strong><em>οἶδε</em></strong></span> <span class='ocrx_word' id='word_1_202' title='bbox 660 1882 750 1934; x_wconf 82' lang='grc' dir='ltr'><strong><em>καὶ</em></strong></span> <span class='ocrx_word' id='word_1_203' title='bbox 773 1877 856 1934; x_wconf 80' lang='grc' dir='ltr'><strong><em>ὅτι</em></strong></span> <span class='ocrx_word' id='word_1_204' title='bbox 889 1877 992 1935; x_wconf 82' lang='grc' dir='ltr'><strong><em>οὐκ</em></strong></span> <span class='ocrx_word' id='word_1_205' title='bbox 1026 1878 1175 1934; x_wconf 82' lang='grc' dir='ltr'><strong><em>οἶδεν</em></strong></span> <span class='ocrx_word' id='word_1_206' title='bbox 1190 1901 1200 1911; x_wconf 90' lang='grc'><em>·</em></span> <span class='ocrx_word' id='word_1_207' title='bbox 1239 1884 1421 1934; x_wconf 80' lang='grc' dir='ltr'><strong><em>ἔπειτα</em></strong></span> <span class='ocrx_word' id='word_1_208' title='bbox 1452 1886 1502 1936; x_wconf 86' lang='grc' dir='ltr'><strong><em>εί</em></strong></span> <span class='ocrx_word' id='word_1_209' title='bbox 1520 1879 1552 1936; x_wconf 81' lang='grc' dir='ltr'>ὅ</span> <span class='ocrx_word' id='word_1_210' title='bbox 1571 1904 1621 1935; x_wconf 88' lang='grc' dir='ltr'><strong><em>τι</em></strong></span> <span class='ocrx_word' id='word_1_211' title='bbox 1641 1881 1875 1951; x_wconf 87' lang='grc' dir='ltr'><strong><em>μάλιστα</em></strong></span> 
     </span>
    </p>
   </div>
   <div class='ocr_carea' id='block_1_10' title="bbox 201 1956 1875 2144">
    <p class='ocr_par' dir='ltr' id='par_1_11' title="bbox 201 1956 1875 2113">
     <span class='ocr_line' id='line_1_24' title="bbox 203 1956 1875 2032; baseline 0.001 -18"><span class='ocrx_word' id='word_1_212' title='bbox 203 1960 447 2015; x_wconf 83' lang='grc' dir='ltr'><strong><em>δυνατόν</em></strong></span> <span class='ocrx_word' id='word_1_213' title='bbox 458 2003 474 2029; x_wconf 94' lang='grc'><strong><em>,</em></strong></span> <span class='ocrx_word' id='word_1_214' title='bbox 511 1967 590 2024; x_wconf 90' lang='grc' dir='ltr'><strong><em>τίς</em></strong></span> <span class='ocrx_word' id='word_1_215' title='bbox 620 1956 691 2014; x_wconf 67' lang='grc' dir='ltr'><strong><em>ἂν</em></strong></span> <span class='ocrx_word' id='word_1_216' title='bbox 720 1968 802 2031; x_wconf 78' lang='grc' dir='ltr'><strong><em>εἴη</em></strong></span> <span class='ocrx_word' id='word_1_217' title='bbox 831 1958 965 2032; x_wconf 79' lang='grc' dir='ltr'><strong><em>ἡμῖν</em></strong></span> <span class='ocrx_word' id='word_1_218' title='bbox 997 1957 1232 2030; x_wconf 84' lang='grc' dir='ltr'><strong><em>ώφελεία</em></strong></span> <span class='ocrx_word' id='word_1_219' title='bbox 1262 1961 1468 2016; x_wconf 78' lang='grc' dir='ltr'><strong><em>εἰδόσιν</em></strong></span> <span class='ocrx_word' id='word_1_220' title='bbox 1500 1959 1648 2016; x_wconf 83' lang='grc' dir='ltr'><strong><em>αὐτό.</em></strong></span> <span class='ocrx_word' id='word_1_221' title='bbox 1717 1959 1875 2017; x_wconf 80' lang='grc' dir='ltr'><strong><em>Ἀλλὰ</em></strong></span> 
     </span>
     <span class='ocr_line' id='line_1_25' title="bbox 201 2041 1873 2144; baseline 0.001 -48"><span class='ocrx_word' id='word_1_222' title='bbox 201 2041 330 2144; x_wconf 85' lang='grc' dir='ltr'><strong><em>χρή,</em></strong></span> <span class='ocrx_word' id='word_1_223' title='bbox 351 2045 455 2111; x_wconf 84' lang='grc' dir='ltr'><strong><em>ἔφη</em></strong></span> <span class='ocrx_word' id='word_1_224' title='bbox 470 2084 485 2112; x_wconf 94' lang='grc'><strong><em>,</em></strong></span> <span class='ocrx_word' id='word_1_225' title='bbox 506 2053 747 2097; x_wconf 81' lang='grc' dir='ltr'><strong><em>σκοπεῖν.</em></strong></span> <span class='ocrx_word' id='word_1_226' title='bbox 801 2041 915 2096; x_wconf 80' lang='grc' dir='ltr'><strong><em>Ἴθι</em></strong></span> <span class='ocrx_word' id='word_1_227' title='bbox 935 2042 1030 2112; x_wconf 81' lang='grc' dir='ltr'><strong><em>δή,</em></strong></span> <span class='ocrx_word' id='word_1_228' title='bbox 1052 2046 1195 2112; x_wconf 87' lang='grc' dir='ltr'><strong><em>ε’φην</em></strong></span> <span class='ocrx_word' id='word_1_229' title='bbox 1214 2041 1338 2112; x_wconf 79' lang='grc' dir='ltr'><strong><em>ἐγώ,</em></strong></span> <span class='ocrx_word' id='word_1_230' title='bbox 1361 2065 1402 2097; x_wconf 91' lang='grc' dir='ltr'><strong><em>ω</em></strong></span> <span class='ocrx_word' id='word_1_231' title='bbox 1422 2049 1637 2113; x_wconf 78' lang='grc' dir='ltr'><strong><em>Κριτία,</em></strong></span> <span class='ocrx_word' id='word_1_232' title='bbox 1660 2046 1873 2113; x_wconf 80' lang='grc' dir='ltr'><strong><em>σκέψαι,</em></strong></span> 
     </span>
    </p>
   </div>
   <div class='ocr_carea' id='block_1_11' title="bbox 148 2122 1872 2197">
    <p class='ocr_par' dir='ltr' id='par_1_12' title="bbox 148 2122 1872 2197">
     <span class='ocr_line' id='line_1_26' title="bbox 148 2122 1872 2197; baseline 0.002 -20"><span class='ocrx_word' id='word_1_233' title='bbox 148 2173 151 2178; x_wconf 88' lang='grc'>.</span> <span class='ocrx_word' id='word_1_234' title='bbox 202 2123 302 2178; x_wconf 84' lang='grc' dir='ltr'><strong><em>ἐάν</em></strong></span> <span class='ocrx_word' id='word_1_235' title='bbox 320 2145 370 2178; x_wconf 91' lang='grc' dir='ltr'><strong><em>τι</em></strong></span> <span class='ocrx_word' id='word_1_236' title='bbox 388 2125 511 2192; x_wconf 88' lang='grc' dir='ltr'><strong><em>περὶ</em></strong></span> <span class='ocrx_word' id='word_1_237' title='bbox 535 2122 723 2179; x_wconf 81' lang='grc' dir='ltr'><strong><em>αὐτων</em></strong></span> <span class='ocrx_word' id='word_1_238' title='bbox 742 2123 1119 2194; x_wconf 78' lang='grc' dir='ltr'><strong><em>εὐπορώτερος</em></strong></span> <span class='ocrx_word' id='word_1_239' title='bbox 1140 2131 1320 2196; x_wconf 82' lang='grc' dir='ltr'><strong><em>φανῇς</em></strong></span> <span class='ocrx_word' id='word_1_240' title='bbox 1341 2126 1501 2194; x_wconf 84' lang='grc' dir='ltr'><strong><em>ἐμοῦ·</em></strong></span> <span class='ocrx_word' id='word_1_241' title='bbox 1525 2123 1629 2194; x_wconf 77' lang='grc' dir='ltr'><strong><em>ἐγώ</em></strong></span> <span class='ocrx_word' id='word_1_242' title='bbox 1650 2125 1751 2197; x_wconf 78' lang='grc' dir='ltr'><strong><em>μὲν</em></strong></span> <span class='ocrx_word' id='word_1_243' title='bbox 1767 2147 1872 2196; x_wconf 77' lang='grc' dir='ltr'><strong><em>γαρ</em></strong></span> 
     </span>
    </p>
   </div>
   <div class='ocr_carea' id='block_1_12' title="bbox 203 2198 1873 2290">
    <p class='ocr_par' dir='ltr' id='par_1_13' title="bbox 203 2198 1873 2290">
     <span class='ocr_line' id='line_1_27' title="bbox 203 2198 1873 2290; baseline 0.002 -31"><span class='ocrx_word' id='word_1_244' title='bbox 203 2204 420 2290; x_wconf 81' lang='grc' dir='ltr'><strong><em>ἆπορω·</em></strong></span> <span class='ocrx_word' id='word_1_245' title='bbox 460 2198 500 2276; x_wconf 82' lang='grc' dir='ltr'><em>ᾗ</em></span> <span class='ocrx_word' id='word_1_246' title='bbox 518 2205 577 2261; x_wconf 79' lang='grc' dir='ltr'><strong><em>δε</em></strong></span> <span class='ocrx_word' id='word_1_247' title='bbox 595 2204 814 2276; x_wconf 85' lang='grc' dir='ltr'><strong><em>άπορω,</em></strong></span> <span class='ocrx_word' id='word_1_248' title='bbox 853 2205 1051 2275; x_wconf 89' lang='grc' dir='ltr'><strong><em>φράσω</em></strong></span> <span class='ocrx_word' id='word_1_249' title='bbox 1072 2221 1187 2271; x_wconf 86' lang='grc' dir='ltr'><strong><em>σοι;</em></strong></span> <span class='ocrx_word' id='word_1_250' title='bbox 1227 2206 1393 2261; x_wconf 90' lang='grc' dir='ltr'><strong><em>Πάνυ</em></strong></span> <span class='ocrx_word' id='word_1_251' title='bbox 1413 2204 1468 2276; x_wconf 74' lang='grc' dir='ltr'><strong><em>γ’</em></strong></span> <span class='ocrx_word' id='word_1_252' title='bbox 1471 2248 1487 2277; x_wconf 90' lang='grc'><strong><em>,</em></strong></span> <span class='ocrx_word' id='word_1_253' title='bbox 1529 2212 1647 2278; x_wconf 35' lang='grc' dir='ltr'><strong><em>ἐᾞφη</em></strong></span> <span class='ocrx_word' id='word_1_254' title='bbox 1708 2207 1873 2263; x_wconf 77' lang='grc' dir='ltr'><strong><em>’Ἄλλο</em></strong></span> 
     </span>
    </p>
   </div>
   <div class='ocr_carea' id='block_1_13' title="bbox 1064 2282 1195 2305">
    <p class='ocr_par' dir='ltr' id='par_1_14' title="bbox 1064 2282 1195 2305">
     <span class='ocr_line' id='line_1_28' title="bbox 1064 2282 1195 2305; baseline 0.008 -2"><span class='ocrx_word' id='word_1_255' title='bbox 1064 2282 1195 2305; x_wconf 62' lang='grc' dir='ltr'><strong><em>ωἳἋ</em></strong></span> 
     </span>
    </p>
   </div>
   <div class='ocr_carea' id='block_1_14' title="bbox 144 2286 1874 2439">
    <p class='ocr_par' dir='ltr' id='par_1_15' title="bbox 144 2286 1874 2439">
     <span class='ocr_line' id='line_1_29' title="bbox 150 2286 1874 2358; baseline 0.001 -17"><span class='ocrx_word' id='word_1_256' title='bbox 150 2308 153 2309; x_wconf 67' lang='grc'>’</span> <span class='ocrx_word' id='word_1_257' title='bbox 202 2310 252 2341; x_wconf 89' lang='grc' dir='ltr'><strong><em>τι</em></strong></span> <span class='ocrx_word' id='word_1_258' title='bbox 273 2290 404 2356; x_wconf 88' lang='grc' dir='ltr'><strong><em>οὐν,</em></strong></span> <span class='ocrx_word' id='word_1_259' title='bbox 445 2290 517 2358; x_wconf 82' lang='grc' dir='ltr'><strong><em>ἡν</em></strong></span> <span class='ocrx_word' id='word_1_260' title='bbox 537 2286 587 2342; x_wconf 89' lang='lat'><strong><em>6’</em></strong></span> <span class='ocrx_word' id='word_1_261' title='bbox 613 2286 745 2357; x_wconf 78' lang='grc' dir='ltr'><strong><em>ἐγώ,</em></strong></span> <span class='ocrx_word' id='word_1_262' title='bbox 783 2288 962 2342; x_wconf 87' lang='grc' dir='ltr'><strong><em>πάντα</em></strong></span> <span class='ocrx_word' id='word_1_263' title='bbox 981 2309 1116 2341; x_wconf 92' lang='grc' dir='ltr'><strong><em>ταυτ</em></strong></span> <span class='ocrx_word' id='word_1_264' title='bbox 1160 2309 1232 2342; x_wconf 93' lang='grc' dir='ltr'><strong><em>αν</em></strong></span> <span class='ocrx_word' id='word_1_265' title='bbox 1255 2295 1364 2358; x_wconf 77' lang='grc' dir='ltr'><strong><em>εἴη,</em></strong></span> <span class='ocrx_word' id='word_1_266' title='bbox 1403 2293 1454 2343; x_wconf 82' lang='grc' dir='ltr'><strong><em>εἰ</em></strong></span> <span class='ocrx_word' id='word_1_267' title='bbox 1470 2288 1658 2344; x_wconf 81' lang='grc' dir='ltr'><strong><em>ἔστιν</em></strong></span> <span class='ocrx_word' id='word_1_268' title='bbox 1636 2288 1771 2358; x_wconf 88' lang='grc' dir='ltr'><strong><em>όπερ</em></strong></span> <span class='ocrx_word' id='word_1_269' title='bbox 1803 2289 1874 2343; x_wconf 90' lang='grc' dir='ltr'><strong><em>συ</em></strong></span> 
     </span>
     <span class='ocr_line' id='line_1_30' title="bbox 144 2366 1874 2439; baseline 0.001 -16"><span class='ocrx_word' id='word_1_270' title='bbox 144 2382 176 2423; x_wconf 88' lang='lat' dir='ltr'>C</span> <span class='ocrx_word' id='word_1_271' title='bbox 206 2374 314 2421; x_wconf 88' lang='grc' dir='ltr'><strong><em>νῦν</em></strong></span> <span class='ocrx_word' id='word_1_272' title='bbox 335 2367 401 2436; x_wconf 80' lang='grc' dir='ltr'><strong><em>δη</em></strong></span> <span class='ocrx_word' id='word_1_273' title='bbox 425 2371 629 2438; x_wconf 77' lang='grc' dir='ltr'><strong><em>ἔλεγες,</em></strong></span> <span class='ocrx_word' id='word_1_274' title='bbox 651 2374 745 2439; x_wconf 91' lang='grc' dir='ltr'><strong><em>μία</em></strong></span> <span class='ocrx_word' id='word_1_275' title='bbox 765 2391 844 2433; x_wconf 87' lang='grc' dir='ltr'><strong><em>τις</em></strong></span> <span class='ocrx_word' id='word_1_276' title='bbox 863 2368 1127 2439; x_wconf 86' lang='grc' dir='ltr'><strong><em>ἐπιστήμη</em></strong></span> <span class='ocrx_word' id='word_1_277' title='bbox 1142 2410 1158 2439; x_wconf 94' lang='grc'><strong><em>,</em></strong></span> <span class='ocrx_word' id='word_1_278' title='bbox 1190 2366 1225 2439; x_wconf 78' lang='grc' dir='ltr'><strong><em>ἢ</em></strong></span> <span class='ocrx_word' id='word_1_279' title='bbox 1245 2366 1348 2424; x_wconf 82' lang='grc' dir='ltr'><strong><em>οὐκ</em></strong></span> <span class='ocrx_word' id='word_1_280' title='bbox 1369 2369 1542 2425; x_wconf 84' lang='grc' dir='ltr'><strong><em>άλλου</em></strong></span> <span class='ocrx_word' id='word_1_281' title='bbox 1558 2370 1709 2435; x_wconf 90' lang='grc' dir='ltr'><strong><em>τινός</em></strong></span> <span class='ocrx_word' id='word_1_282' title='bbox 1728 2372 1874 2425; x_wconf 84' lang='grc' dir='ltr'><strong><em>ἐστιν</em></strong></span> 
     </span>
    </p>
   </div>
   <div class='ocr_carea' id='block_1_15' title="bbox 199 2444 1872 2774">
    <p class='ocr_par' dir='ltr' id='par_1_16' title="bbox 199 2444 1872 2770">
     <span class='ocr_line' id='line_1_31' title="bbox 199 2444 1871 2522; baseline 0.003 -20"><span class='ocrx_word' id='word_1_283' title='bbox 199 2444 235 2517; x_wconf 80' lang='grc' dir='ltr'><strong><em>ἦ</em></strong></span> <span class='ocrx_word' id='word_1_284' title='bbox 266 2449 460 2518; x_wconf 84' lang='grc' dir='ltr'><strong><em>ἑαυτῆς</em></strong></span> <span class='ocrx_word' id='word_1_285' title='bbox 487 2471 545 2504; x_wconf 90' lang='grc' dir='ltr'><strong><em>τε</em></strong></span> <span class='ocrx_word' id='word_1_286' title='bbox 573 2452 665 2505; x_wconf 85' lang='grc' dir='ltr'><strong><em>καὶ</em></strong></span> <span class='ocrx_word' id='word_1_287' title='bbox 692 2458 805 2505; x_wconf 77' lang='grc' dir='ltr'><strong><em>τῶν</em></strong></span> <span class='ocrx_word' id='word_1_288' title='bbox 832 2449 1016 2506; x_wconf 73' lang='grc' dir='ltr'><strong><em>ἄλλων</em></strong></span> <span class='ocrx_word' id='word_1_289' title='bbox 1046 2453 1357 2521; x_wconf 72' lang='grc' dir='ltr'><strong><em>ἐπιστημῶν</em></strong></span> <span class='ocrx_word' id='word_1_290' title='bbox 1378 2451 1671 2522; x_wconf 87' lang='grc' dir='ltr'><strong><em>ἐπιστήμη,</em></strong></span> <span class='ocrx_word' id='word_1_291' title='bbox 1693 2453 1783 2507; x_wconf 81' lang='grc' dir='ltr'><strong><em>καὶ</em></strong></span> <span class='ocrx_word' id='word_1_292' title='bbox 1806 2450 1871 2522; x_wconf 78' lang='grc' dir='ltr'><strong><em>δὴ</em></strong></span> 
     </span>
     <span class='ocr_line' id='line_1_32' title="bbox 201 2531 1872 2635; baseline 0.001 -48"><span class='ocrx_word' id='word_1_293' title='bbox 201 2535 292 2588; x_wconf 90' lang='grc' dir='ltr'><strong><em>και</em></strong></span> <span class='ocrx_word' id='word_1_294' title='bbox 329 2531 843 2604; x_wconf 79' lang='grc' dir='ltr'><strong><em>ἀνεπιστημοσύνης</em></strong></span> <span class='ocrx_word' id='word_1_295' title='bbox 879 2533 912 2604; x_wconf 85' lang='grc' dir='ltr'>ἡ</span> <span class='ocrx_word' id='word_1_296' title='bbox 952 2532 1089 2605; x_wconf 79' lang='grc' dir='ltr'><strong><em>αὐτὴ</em></strong></span> <span class='ocrx_word' id='word_1_297' title='bbox 1128 2533 1296 2605; x_wconf 83' lang='grc' dir='ltr'><strong><em>αὕτη;</em></strong></span> <span class='ocrx_word' id='word_1_298' title='bbox 1331 2534 1496 2588; x_wconf 90' lang='grc' dir='ltr'><strong><em>Πάνυ</em></strong></span> <span class='ocrx_word' id='word_1_299' title='bbox 1525 2556 1602 2603; x_wconf 81' lang='grc' dir='ltr'><strong><em>γε.</em></strong></span> <span class='ocrx_word' id='word_1_300' title='bbox 1665 2533 1764 2590; x_wconf 81' lang='grc' dir='ltr'><strong><em>Ἰδε</em></strong></span> <span class='ocrx_word' id='word_1_301' title='bbox 1807 2537 1872 2635; x_wconf 65' lang='lat'><strong><em>67}</em></strong></span> 
     </span>
     <span class='ocr_line' id='line_1_33' title="bbox 204 2614 1871 2687; baseline 0.002 -19"><span class='ocrx_word' id='word_1_302' title='bbox 204 2636 275 2678; x_wconf 87' lang='grc' dir='ltr'><strong><em>ως</em></strong></span> <span class='ocrx_word' id='word_1_303' title='bbox 294 2614 506 2669; x_wconf 86' lang='grc' dir='ltr'><strong><em>α’τοπον</em></strong></span> <span class='ocrx_word' id='word_1_304' title='bbox 526 2617 931 2686; x_wconf 84' lang='grc' dir='ltr'><strong><em>ἐπιχειροῦμεν,</em></strong></span> <span class='ocrx_word' id='word_1_305' title='bbox 954 2619 996 2671; x_wconf 85' lang='grc' dir='ltr'><strong><em>ώ</em></strong></span> <span class='ocrx_word' id='word_1_306' title='bbox 1019 2618 1220 2686; x_wconf 76' lang='grc' dir='ltr'><strong><em>ἑταῖρε,</em></strong></span> <span class='ocrx_word' id='word_1_307' title='bbox 1252 2618 1455 2685; x_wconf 75' lang='grc' dir='ltr'><strong><em>λέγειν·</em></strong></span> <span class='ocrx_word' id='word_1_308' title='bbox 1481 2618 1541 2670; x_wconf 89' lang='grc' dir='ltr'><strong><em>ἐν</em></strong></span> <span class='ocrx_word' id='word_1_309' title='bbox 1560 2615 1746 2682; x_wconf 84' lang='grc' dir='ltr'><strong><em>άλλοις</em></strong></span> <span class='ocrx_word' id='word_1_310' title='bbox 1765 2617 1871 2687; x_wconf 74' lang='grc' dir='ltr'><strong><em>γάρ</em></strong></span> 
     </span>
     <span class='ocr_line' id='line_1_34' title="bbox 201 2693 1869 2774; baseline 0.002 -25"><span class='ocrx_word' id='word_1_311' title='bbox 201 2715 311 2749; x_wconf 88' lang='grc' dir='ltr'><strong><em>που</em></strong></span> <span class='ocrx_word' id='word_1_312' title='bbox 344 2693 403 2749; x_wconf 87' lang='grc' dir='ltr'><strong><em>τὸ</em></strong></span> <span class='ocrx_word' id='word_1_313' title='bbox 439 2693 572 2750; x_wconf 87' lang='grc' dir='ltr'><strong><em>αύτὸ</em></strong></span> <span class='ocrx_word' id='word_1_314' title='bbox 610 2701 774 2751; x_wconf 85' lang='grc' dir='ltr'><strong><em>τοῦτο</em></strong></span> <span class='ocrx_word' id='word_1_315' title='bbox 814 2695 910 2752; x_wconf 83' lang='grc' dir='ltr'><strong><em>ἐαν</em></strong></span> <span class='ocrx_word' id='word_1_316' title='bbox 946 2704 1178 2771; x_wconf 83' lang='grc' dir='ltr'><strong><em>σκοπῇς,</em></strong></span> <span class='ocrx_word' id='word_1_317' title='bbox 1219 2697 1363 2762; x_wconf 82' lang='grc' dir='ltr'><strong><em>δόξει</em></strong></span> <span class='ocrx_word' id='word_1_318' title='bbox 1393 2714 1505 2769; x_wconf 94' lang='grc' dir='ltr'><strong><em>σοι,</em></strong></span> <span class='ocrx_word' id='word_1_319' title='bbox 1547 2697 1620 2763; x_wconf 77' lang='grc' dir='ltr'><strong><em>ὠς</em></strong></span> <span class='ocrx_word' id='word_1_320' title='bbox 1648 2701 1869 2774; x_wconf 69' lang='grc' dir='ltr'><strong><em>ἐγῷμαι,</em></strong></span> 
     </span>
    </p>
   </div>
   <div class='ocr_carea' id='block_1_16' title="bbox 199 2775 1983 2850">
    <p class='ocr_par' dir='ltr' id='par_1_17' title="bbox 199 2775 1983 2850">
     <span class='ocr_line' id='line_1_35' title="bbox 199 2775 1983 2850; baseline 0.001 -18"><span class='ocrx_word' id='word_1_321' title='bbox 199 2776 479 2832; x_wconf 80' lang='grc' dir='ltr'><strong><em>ἀδύνατον</em></strong></span> <span class='ocrx_word' id='word_1_322' title='bbox 517 2775 670 2832; x_wconf 81' lang='grc' dir='ltr'><strong><em>εἶναι.</em></strong></span> <span class='ocrx_word' id='word_1_323' title='bbox 743 2784 871 2844; x_wconf 80' lang='grc' dir='ltr'><strong><em>Πώς</em></strong></span> <span class='ocrx_word' id='word_1_324' title='bbox 910 2778 975 2850; x_wconf 81' lang='grc' dir='ltr'><strong><em>δὴ</em></strong></span> <span class='ocrx_word' id='word_1_325' title='bbox 1016 2782 1106 2835; x_wconf 86' lang='grc' dir='ltr'><strong><em>καὶ</em></strong></span> <span class='ocrx_word' id='word_1_326' title='bbox 1143 2786 1282 2845; x_wconf 85' lang='grc' dir='ltr'><strong><em>ποῦ;</em></strong></span> <span class='ocrx_word' id='word_1_327' title='bbox 1332 2776 1418 2833; x_wconf 80' lang='grc' dir='ltr'><strong><em>Ἐν</em></strong></span> <span class='ocrx_word' id='word_1_328' title='bbox 1451 2782 1646 2834; x_wconf 79' lang='grc' dir='ltr'><strong><em>τοῖσδε.</em></strong></span> <span class='ocrx_word' id='word_1_329' title='bbox 1694 2779 1868 2835; x_wconf 88' lang='grc' dir='ltr'><strong><em>ἐννόει</em></strong></span> <span class='ocrx_word' id='word_1_330' title='bbox 1944 2793 1945 2796; x_wconf 78' lang='grc'>’</span> <span class='ocrx_word' id='word_1_331' title='bbox 1976 2780 1983 2841; x_wconf 64' lang='lat' dir='ltr'><em>J</em></span> 
     </span>
    </p>
   </div>
   <div class='ocr_carea' id='block_1_17' title="bbox 1939 0 1994 3100">
    <p class='ocr_par' dir='ltr' id='par_1_18' title="bbox 1939 0 1994 3100">
     <span class='ocr_line' id='line_1_36' title="bbox 1939 0 1994 3100; baseline 0 0"><span class='ocrx_word' id='word_1_332' title='bbox 1939 0 1994 3100; x_wconf 95' lang='lat' dir='ltr'><strong><em> </em></strong></span> 
     </span>
    </p>
   </div>
  </div>
 </body>
</html>
