1962 3112
1133 0 1138 2 .
1158 0 1186 21 ..3
1203 0 1214 5 .,
1228 0 1284 31 21³³*
1296 0 1962 71 ”⁷⁴⁵3,†.WP“7115·⁸WJ*an·2-‹W1051q

153 124 256 176 180
763 126 938 173 ΠΛΑ
957 125 1238 174 ΤΩΝΟΣ
1767 137 1825 180 92

161 258 341 330 ἄνδρα
360 256 536 313 καλὸν
553 255 810 327 κάγαθὸν
839 258 1101 323 πολλάκις
1129 256 1300 314 αὑτὸν
1317 260 1709 330 ἐπαναγκάζειν
1730 268 1825 332 φί-

40 349 125 392 346
155 346 256 395 λον
285 340 390 394 τινὶ
427 344 721 409 γίγνεσθαι
750 339 843 393 καὶ
871 340 1161 409 ἐπαινέτην
1190 346 1392 409 [φιλεῖν
1419 342 1510 395 καὶ
1542 343 1822 413 ἐπαινεῖν],

155 418 274 478 οἷον
297 420 458 491 ἀνδρὶ
486 422 750 486 πολλάκις
778 427 1054 492 συμβῆναι
1085 423 1290 492 μητέρα
1308 418 1343 492 ἢ
1364 424 1569 490 πατέρα
1588 422 1823 479 ἀλλόκο-

153 527 253 560 τον
276 501 310 574 ἦ
332 508 567 572 πατρίδα
588 500 624 573 ἢ
645 503 781 559 ἄλλο
801 525 852 558 τι
869 510 982 558 τῶν
1000 501 1282 558 τοιούτων.
1330 499 1460 566 τούς
1479 505 1578 572 μὲν
1598 498 1702 559 οὖν
1721 525 1824 560 πο-

152 588 386 656 νηρούς,
409 583 544 640 ὅταν
566 584 820 639 τοιοῦτόν
838 606 889 639 τι
909 583 1094 649 αὐτοῖς
1110 590 1294 657 συμβῇ
1308 627 1321 652 ,
1345 583 1529 653 ὥσπερ
1554 584 1824 656 ἀσμένους

152 665 294 741 ὁρᾷν
312 668 401 723 καὶ
417 669 685 737 ψέγοντας
701 667 1076 722 ἐπιδεικνύναι
1093 669 1179 723 καὶ
1198 678 1522 738 κατηγορεῖν
1533 666 1635 738 τὴν
1651 688 1826 740 πονη-

154 755 281 819 ρίαν
300 756 413 804 rosv
423 750 634 818 γονέων
654 745 691 819 ἢ
712 753 987 820 πατρίδος,
1007 753 1099 804 ἵνα
1117 748 1302 814 αὐτοῖς
1320 747 1620 819 ἀμελοῦσιν
1638 747 1825 805 αὐτῶν

155 829 227 902 μὴ
250 833 557 901 ἐγκαλῶσιν
579 834 634 884 oc
650 828 944 900 ἄνθρωποι
965 828 1096 902 μηδ’
1122 828 1461 896 ὀνειδίζωσιν
1484 828 1566 884 ὅτι
1585 828 1825 900 ἀμελοῦ-

94 927 125 967 Β
158 930 274 982 σιν,
307 910 446 967 ὥστε
471 916 548 967 ἔτι
575 917 787 981 μᾶλλον
815 913 1004 982 ψέγειν
1023 934 1081 967 τε
1111 909 1315 976 αὐτοὺς
1333 913 1423 967 καὶ
1441 915 1641 982 ἔχθρας
1662 913 1823 967 ἑκου-

154 999 309 1056 σίους
336 992 475 1061 πρὸς
501 1004 617 1057 ταῖς
636 990 959 1062 ἀναγκαίαις
979 999 1408 1061 προστίθεσθαι·
1449 992 1579 1058 τούς
1610 992 1660 1049 δ’
1684 991 1823 1064 ἀγα-

153 1072 297 1138 θούς
325 1075 768 1142 ἐπικρύπτεσθαί
790 1095 847 1128 τε
878 1077 968 1129 καὶ
998 1078 1242 1131 ἐπαινεῖν
1260 1074 1693 1146 ἀναγκάζεσθαι,
1732 1078 1843 1130 καὶ·
1871 1085 1874 1088 ’

153 1157 227 1211 άν
262 1178 314 1210 τι
344 1152 653 1225 ὄργισθωσι
679 1168 794 1220 τοῖς
824 1162 1088 1226 γονεῦσιν
1125 1153 1161 1228 ἠ
1191 1162 1410 1226 πατρίδι
1447 1155 1820 1228 ἀδικηθέντες,

154 1235 358 1301 αὐτοὺς
378 1236 609 1301 ἑαυτούς
626 1246 1083 1308 παραμυθεῖσθαι
1102 1241 1193 1294 καὶ
1213 1239 1636 1295 διαλλάττεσθαι
1654 1258 1823 1306 προς-

153 1317 559 1389 ἀναγκάζοντας
588 1317 817 1383 ἑαυτοὺς
846 1327 1028 1389 φιλεῖν
1054 1319 1186 1385 τούς
1217 1325 1430 1377 ἑαυτων
1447 1322 1536 1376 καὶ
1558 1323 1814 1375 ἐπαινεῖν.

152 1400 413 1464 πολλάκις
431 1402 515 1470 δέ,
558 1398 732 1471 οἶμαι,
771 1403 862 1456 καὶ
881 1406 1195 1473 Σιμωνίδης
1214 1400 1456 1473 ἡγήσατο
1479 1405 1570 1457 καὶ
1600 1399 1766 1465 αὐτὸς
1784 1423 1817 1471 η

151 1482 433 1553 τύραννον
451 1505 484 1552 η
506 1481 679 1538 άλλον
695 1482 817 1538 τινὰ
833 1506 946 1539 των
959 1485 1227 1540 τοιούτων
1244 1487 1523 1540 ἐπαινέσαι
1542 1485 1631 1539 καὶ
1650 1486 1821 1553 ἐγκω-

91 1572 123 1613 G
152 1563 344 1634 μιάσαι
372 1560 472 1633 οὐχ
495 1563 665 1634 ἑκών,
705 1562 818 1620 ἀλλ’
841 1564 1298 1637 ἀναγκαζόμενος.
1355 1573 1528 1623 ταῦτα
1548 1563 1614 1636 δὴ
1636 1566 1726 1620 καὶ
1745 1571 1822 1635 τςό

150 1652 406 1718 Πιττακω
427 1644 610 1715 λέγει
589 1644 673 1700 ότι
692 1646 816 1716 ε’γω’,
840 1669 881 1700 ω
867 1640 1153 1717 Πιττακέ,
1169 1647 1238 1703 οὐ
1257 1647 1347 1703 δια
1367 1646 1541 1704 ταῦτά
1561 1665 1622 1702 σε
1641 1649 1816 1716 ψέγω·

151 1726 236 1782 ὅτι
256 1728 362 1797 εἰμὶ
382 1727 700 1797 φιλόψογος,
736 1729 850 1782 ἐπεὶ

293 1806 460 1877 ἔμοιγ’
481 1809 698 1875 ἐξαρκεῖ
713 1804 772 1871 ὃς
792 1805 863 1861 ἀν
882 1808 955 1879 μὴ
978 1812 1144 1875 κακὸς
1162 1805 1199 1883 ἦ

295 1885 423 1959 μηδ’
458 1886 603 1958 ἄγαν
641 1886 989 1960 ἀπάλαμνος,
1029 1891 1187 1954 εἰδώς
1223 1887 1263 1945 τ’
1303 1888 1628 1962 ὀνησίπολιν
1660 1895 1812 1946 δίκαι

827 1967 986 2040 ὑγιὴς
1011 1969 1182 2043 ἀνήρ·

289 2051 358 2107 οὔ
378 2074 474 2122 μιν
498 2050 602 2121 ἐγώ
626 2051 967 2122 μωμήσομαι.

290 2132 358 2189 οὐ
376 2134 484 2203 γάρ
509 2139 617 2204 εἰμι
638 2133 954 2204 φιλόμωμος
974 2155 984 2165 ·

289 2222 402 2270 τῶν
419 2214 526 2287 γὰρ
547 2213 788 2286 ἠλιθίων
809 2212 1053 2285 ἀπείρων
1069 2218 1324 2285 γενέθλα,

153 2294 275 2353 ὥστ’
302 2305 355 2352 εἴ
375 2319 455 2361 τις
482 2302 656 2368 χαίρει
685 2299 898 2366 ψέγων,
940 2298 1278 2367 ἐμπλησθείη
1309 2293 1382 2351 ἀν
1409 2298 1655 2361 ἐκείνους
1678 2317 1818 2367 μεμ-

153 2379 408 2449 φόμενος.

292 2459 471 2514 πάντα
489 2481 576 2515 τοι
594 2460 761 2530 καλά,
780 2464 926 2514 τοῖσί
937 2457 979 2513 τ’
999 2458 1193 2530 αἰσχρὰ
1211 2457 1283 2530 μὴ
1304 2462 1568 2530 μέμικται.

93 2560 127 2600 r)
159 2538 228 2596 οὐ
247 2548 408 2595 τοῦτο
440 2543 610 2611 λέγει,
650 2539 831 2609 ὥσπερ
853 2536 924 2595 ἂν
944 2544 995 2595 εἰ
1019 2546 1168 2611 ἔλεγε
1197 2540 1376 2596 πάντα
1394 2562 1478 2596 τοι
1495 2539 1693 2611 λευκά,
1735 2534 1816 2603 οἷς

150 2621 359 2688 μέλανα
379 2619 451 2690 μὴ
475 2622 727 2691 μέμικται
741 2642 753 2653 ·
798 2628 1018 2690 γελοῖον
1036 2619 1144 2690 γὰρ
1165 2617 1237 2676 ἂν
1255 2629 1337 2692 εἴη
1363 2626 1606 2692 πολλαχῇ
1621 2640 1633 2651 ·
1691 2617 1804 2674 ἀλλ’

151 2701 234 2757 ὅτι
271 2699 436 2765 αὐτὸς
468 2705 560 2757 καὶ
595 2700 662 2756 τὰ
692 2704 829 2772 μέσα
863 2701 1181 2773 ἀποδέχεται
1211 2700 1348 2758 ὥστε
1367 2700 1440 2773 μὴ
1462 2703 1672 2772 ψέγειν·
1723 2702 1814 2756 καὶ

151 2782 220 2839 οὐ
240 2788 402 2855 ζητῶ,
442 2788 574 2855 ἔφη,
614 2783 959 2855 πανάμωμον
987 2783 1321 2853 ἄνθρωπον,
1362 2780 1665 2855 εὐρυεδοῦς
1693 2781 1839 2850 ὅσοι,

1956 617 1962 706 Ι
