<?xml version="1.0" encoding="UTF-8"?>
<!DOCTYPE html PUBLIC "-//W3C//DTD XHTML 1.0 Transitional//EN"
    "http://www.w3.org/TR/xhtml1/DTD/xhtml1-transitional.dtd">
<html xmlns="http://www.w3.org/1999/xhtml" xml:lang="en" lang="en">
 <head>
  <title>
</title>
<meta http-equiv="Content-Type" content="text/html;charset=utf-8" />
  <meta name='ocr-system' content='tesseract 3.04.00' />
  <meta name='ocr-capabilities' content='ocr_page ocr_carea ocr_par ocr_line ocrx_word'/>
</head>
<body>
  <div class='ocr_page' id='page_1' title='image "./dialogisecumdumt03platuoft_0443.png"; bbox 0 0 1962 3112; ppageno 0'>
   <div class='ocr_carea' id='block_1_1' title="bbox 0 0 1666 110">
    <p class='ocr_par' dir='ltr' id='par_1_1' title="bbox 0 0 1666 110">
     <span class='ocr_line' id='line_1_1' title="bbox 0 0 1666 110; baseline 0 3002"><span class='ocrx_word' id='word_1_1' title='bbox 0 0 1666 110; x_wconf 95' lang='lat' dir='ltr'><em> </em></span> 
     </span>
    </p>
   </div>
   <div class='ocr_carea' id='block_1_2' title="bbox 86 149 1760 226">
    <p class='ocr_par' dir='ltr' id='par_1_2' title="bbox 86 149 1760 226">
     <span class='ocr_line' id='line_1_2' title="bbox 86 149 1760 226; baseline -0.006 -15"><span class='ocrx_word' id='word_1_2' title='bbox 86 164 139 211; x_wconf 70' lang='lat'><em>⁴⁷</em></span> <span class='ocrx_word' id='word_1_3' title='bbox 531 155 852 204; x_wconf 78' lang='grc' dir='ltr'><em>ΙΠΠΙΑΣ</em></span> <span class='ocrx_word' id='word_1_4' title='bbox 882 155 1046 202; x_wconf 82' lang='grc' dir='ltr'><em>ΕΛΑ</em></span> <span class='ocrx_word' id='word_1_5' title='bbox 1063 149 1220 226; x_wconf 72' lang='lat' dir='ltr'><em>Tm</em></span> <span class='ocrx_word' id='word_1_6' title='bbox 1232 155 1298 202; x_wconf 84' lang='grc' dir='ltr'><em>Ν.</em></span> <span class='ocrx_word' id='word_1_7' title='bbox 1655 149 1760 202; x_wconf 83' lang='grc'><em>409</em></span> 
     </span>
    </p>
   </div>
   <div class='ocr_carea' id='block_1_3' title="bbox 86 285 1762 446">
    <p class='ocr_par' dir='ltr' id='par_1_3' title="bbox 86 285 1762 446">
     <span class='ocr_line' id='line_1_3' title="bbox 86 285 1762 361; baseline -0.004 -15"><span class='ocrx_word' id='word_1_8' title='bbox 86 291 176 347; x_wconf 84' lang='grc' dir='ltr'><em>καὶ</em></span> <span class='ocrx_word' id='word_1_9' title='bbox 195 287 411 361; x_wconf 80' lang='grc' dir='ltr'><em>ἀληθὴς</em></span> <span class='ocrx_word' id='word_1_10' title='bbox 427 294 697 360; x_wconf 89' lang='grc' dir='ltr'><em>γίγνεται,</em></span> <span class='ocrx_word' id='word_1_11' title='bbox 726 290 813 344; x_wconf 77' lang='grc' dir='ltr'><em>καὶ</em></span> <span class='ocrx_word' id='word_1_12' title='bbox 836 293 886 344; x_wconf 83' lang='grc' dir='ltr'><em>εἰ</em></span> <span class='ocrx_word' id='word_1_13' title='bbox 901 285 1162 359; x_wconf 71' lang='grc' dir='ltr'><em>ἀληθὴς’</em></span> <span class='ocrx_word' id='word_1_14' title='bbox 1135 310 1164 344; x_wconf 96' lang='grc' dir='ltr'><em>ο</em></span> <span class='ocrx_word' id='word_1_15' title='bbox 1181 285 1482 358; x_wconf 80' lang='grc' dir='ltr'><em>Ἀχιλλεύς,</em></span> <span class='ocrx_word' id='word_1_16' title='bbox 1510 286 1600 341; x_wconf 86' lang='grc' dir='ltr'><em>καὶ</em></span> <span class='ocrx_word' id='word_1_17' title='bbox 1620 296 1762 351; x_wconf 79' lang='grc' dir='ltr'><em>ψευ-</em></span> 
     </span>
     <span class='ocr_line' id='line_1_4' title="bbox 86 366 1758 446; baseline -0.004 -17"><span class='ocrx_word' id='word_1_18' title='bbox 86 374 212 446; x_wconf 86' lang='grc' dir='ltr'><em>δής,</em></span> <span class='ocrx_word' id='word_1_19' title='bbox 249 374 340 429; x_wconf 81' lang='grc' dir='ltr'><em>καὶ</em></span> <span class='ocrx_word' id='word_1_20' title='bbox 370 370 439 427; x_wconf 82' lang='grc' dir='ltr'><em>οὐ</em></span> <span class='ocrx_word' id='word_1_21' title='bbox 467 371 727 442; x_wconf 79' lang='grc' dir='ltr'><em>διάφοροι</em></span> <span class='ocrx_word' id='word_1_22' title='bbox 757 369 1013 442; x_wconf 85' lang='grc' dir='ltr'><em>ἀλλήλων</em></span> <span class='ocrx_word' id='word_1_23' title='bbox 1043 374 1102 426; x_wconf 77' lang='grc' dir='ltr'><em>οἰ</em></span> <span class='ocrx_word' id='word_1_24' title='bbox 1124 369 1323 442; x_wconf 80' lang='grc' dir='ltr'><em>ἄνδρες</em></span> <span class='ocrx_word' id='word_1_25' title='bbox 1343 366 1470 426; x_wconf 82' lang='grc' dir='ltr'><em>οὐδ’</em></span> <span class='ocrx_word' id='word_1_26' title='bbox 1500 371 1758 436; x_wconf 79' lang='grc' dir='ltr'><strong><em>ἐναντίοι,</em></strong></span> 
     </span>
    </p>
   </div>
   <div class='ocr_carea' id='block_1_4' title="bbox 85 453 1761 692">
    <p class='ocr_par' dir='ltr' id='par_1_4' title="bbox 85 453 1761 691">
     <span class='ocr_line' id='line_1_5' title="bbox 85 453 434 512; baseline -0.003 0"><span class='ocrx_word' id='word_1_27' title='bbox 85 453 208 512; x_wconf 83' lang='grc' dir='ltr'><em>ἀλλ’</em></span> <span class='ocrx_word' id='word_1_28' title='bbox 229 455 264 511; x_wconf 84' lang='grc' dir='ltr'>ὅ</span> <span class='ocrx_word' id='word_1_29' title='bbox 305 477 434 512; x_wconf 89' lang='grc' dir='ltr'><em>οιοι·</em></span> 
     </span>
     <span class='ocr_line' id='line_1_6' title="bbox 228 478 1760 607; baseline -0.005 -14"><span class='ocrx_word' id='word_1_30' title='bbox 228 478 329 595; x_wconf 56' lang='lat'><em>151</em></span> <span class='ocrx_word' id='word_1_31' title='bbox 374 497 439 593; x_wconf 57' lang='grc' dir='ltr'><em>Ὦ,</em></span> <span class='ocrx_word' id='word_1_32' title='bbox 478 537 798 607; x_wconf 76' lang='grc' dir='ltr'><em>Σώκρατες,</em></span> <span class='ocrx_word' id='word_1_33' title='bbox 835 535 918 591; x_wconf 87' lang='grc' dir='ltr'><em>ἀεὶ</em></span> <span class='ocrx_word' id='word_1_34' title='bbox 949 535 1022 590; x_wconf 87' lang='grc' dir='ltr'><em>σύ</em></span> <span class='ocrx_word' id='word_1_35' title='bbox 1049 558 1200 600; x_wconf 90' lang='grc' dir='ltr'><em>τινας</em></span> <span class='ocrx_word' id='word_1_36' title='bbox 1228 534 1516 598; x_wconf 82' lang='grc' dir='ltr'><em>τοιούτους</em></span> <span class='ocrx_word' id='word_1_37' title='bbox 1546 534 1760 596; x_wconf 80' lang='grc' dir='ltr'><strong><em>πλέκεις</em></strong></span> 
     </span>
     <span class='ocr_line' id='line_1_7' title="bbox 87 613 1761 692; baseline -0.004 -16"><span class='ocrx_word' id='word_1_38' title='bbox 87 621 288 691; x_wconf 80' lang='grc' dir='ltr'><em>λόγους</em></span> <span class='ocrx_word' id='word_1_39' title='bbox 301 663 315 688; x_wconf 92' lang='grc'><em>,</em></span> <span class='ocrx_word' id='word_1_40' title='bbox 332 621 423 676; x_wconf 85' lang='grc' dir='ltr'><em>καὶ</em></span> <span class='ocrx_word' id='word_1_41' title='bbox 439 616 912 691; x_wconf 77' lang='grc' dir='ltr'><em>ἀπολαμβάνων,</em></span> <span class='ocrx_word' id='word_1_42' title='bbox 892 618 925 674; x_wconf 84' lang='grc' dir='ltr'><em>ο“</em></span> <span class='ocrx_word' id='word_1_43' title='bbox 944 642 1017 675; x_wconf 88' lang='grc' dir='ltr'><em>αν</em></span> <span class='ocrx_word' id='word_1_44' title='bbox 1035 613 1072 692; x_wconf 76' lang='grc' dir='ltr'><strong><em>ᾖ</em></strong></span> <span class='ocrx_word' id='word_1_45' title='bbox 1094 621 1524 690; x_wconf 78' lang='grc' dir='ltr'><em>δυσχερέστατον</em></span> <span class='ocrx_word' id='word_1_46' title='bbox 1543 623 1645 672; x_wconf 82' lang='grc' dir='ltr'><em>τοῦ</em></span> <span class='ocrx_word' id='word_1_47' title='bbox 1662 615 1761 671; x_wconf 91' lang='grc' dir='ltr'><em>λό-</em></span> 
     </span>
    </p>
   </div>
   <div class='ocr_carea' id='block_1_5' title="bbox 1 697 1823 800">
    <p class='ocr_par' dir='ltr' id='par_1_5' title="bbox 1 697 1823 800">
     <span class='ocr_line' id='line_1_8' title="bbox 1 697 1823 800; baseline -0.004 -42"><span class='ocrx_word' id='word_1_48' title='bbox 1 768 13 775; x_wconf 33' lang='grc' dir='ltr'><strong><em>ο</em></strong></span> <span class='ocrx_word' id='word_1_49' title='bbox 85 724 208 773; x_wconf 87' lang='grc' dir='ltr'><em>γου,</em></span> <span class='ocrx_word' id='word_1_50' title='bbox 229 704 433 757; x_wconf 86' lang='grc' dir='ltr'><em>τούτου</em></span> <span class='ocrx_word' id='word_1_51' title='bbox 454 706 560 772; x_wconf 79' lang='grc' dir='ltr'><em>ἔχει</em></span> <span class='ocrx_word' id='word_1_52' title='bbox 580 700 716 756; x_wconf 74' lang='grc' dir='ltr'><em>κατὰ</em></span> <span class='ocrx_word' id='word_1_53' title='bbox 737 701 972 772; x_wconf 85' lang='grc' dir='ltr'><em>σμικρὸν</em></span> <span class='ocrx_word' id='word_1_54' title='bbox 992 703 1388 800; x_wconf 82' lang='grc' dir='ltr'><em>ἐφαπτόμενος,</em></span> <span class='ocrx_word' id='word_1_55' title='bbox 1412 703 1501 756; x_wconf 85' lang='grc' dir='ltr'><em>καὶ</em></span> <span class='ocrx_word' id='word_1_56' title='bbox 1522 697 1622 770; x_wconf 84' lang='grc' dir='ltr'><em>οὐχ</em></span> <span class='ocrx_word' id='word_1_57' title='bbox 1644 698 1755 772; x_wconf 79' lang='grc' dir='ltr'><em>ὅλῳ</em></span> <span class='ocrx_word' id='word_1_58' title='bbox 1790 708 1823 750; x_wconf 84' lang='lat' dir='ltr'>G</span> 
     </span>
    </p>
   </div>
   <div class='ocr_carea' id='block_1_6' title="bbox 85 775 1825 2188">
    <p class='ocr_par' dir='ltr' id='par_1_6' title="bbox 86 775 1764 1353">
     <span class='ocr_line' id='line_1_9' title="bbox 86 775 1763 858; baseline -0.004 -18"><span class='ocrx_word' id='word_1_59' title='bbox 86 785 335 857; x_wconf 77' lang='grc' dir='ltr'><em>ἀγωνίζει</em></span> <span class='ocrx_word' id='word_1_60' title='bbox 360 791 437 858; x_wconf 79' lang='grc' dir='ltr'><em>τῷ</em></span> <span class='ocrx_word' id='word_1_61' title='bbox 457 786 759 855; x_wconf 79' lang='grc' dir='ltr'><em>πράγματι,</em></span> <span class='ocrx_word' id='word_1_62' title='bbox 791 786 915 854; x_wconf 84' lang='grc' dir='ltr'><em>περὶ</em></span> <span class='ocrx_word' id='word_1_63' title='bbox 936 783 1070 841; x_wconf 85' lang='grc' dir='ltr'><em>ότου</em></span> <span class='ocrx_word' id='word_1_64' title='bbox 1088 781 1159 839; x_wconf 75' lang='grc' dir='ltr'><em>ἀν</em></span> <span class='ocrx_word' id='word_1_65' title='bbox 1192 781 1219 839; x_wconf 88' lang='grc' dir='ltr'>ὁ</span> <span class='ocrx_word' id='word_1_66' title='bbox 1251 783 1415 853; x_wconf 86' lang='grc' dir='ltr'><em>λόγος</em></span> <span class='ocrx_word' id='word_1_67' title='bbox 1434 775 1497 853; x_wconf 82' lang='grc' dir='ltr'><em>ᾗ·</em></span> <span class='ocrx_word' id='word_1_68' title='bbox 1537 782 1650 836; x_wconf 84' lang='grc' dir='ltr'><em>ἐπεὶ</em></span> <span class='ocrx_word' id='word_1_69' title='bbox 1670 782 1763 835; x_wconf 82' lang='grc' dir='ltr'><em>καὶ</em></span> 
     </span>
     <span class='ocr_line' id='line_1_10' title="bbox 86 841 1763 940; baseline -0.004 -16"><span class='ocrx_word' id='word_1_70' title='bbox 86 875 223 939; x_wconf 87' lang='grc' dir='ltr'><em>νῦν,</em></span> <span class='ocrx_word' id='word_1_71' title='bbox 259 866 358 924; x_wconf 79' lang='grc' dir='ltr'><em>ἐὰν</em></span> <span class='ocrx_word' id='word_1_72' title='bbox 391 841 596 940; x_wconf 82' lang='grc' dir='ltr'><em>βούλῃ,</em></span> <span class='ocrx_word' id='word_1_73' title='bbox 646 869 732 923; x_wconf 84' lang='grc' dir='ltr'><em>ε’πὶ</em></span> <span class='ocrx_word' id='word_1_74' title='bbox 766 873 989 923; x_wconf 80' lang='grc' dir='ltr'><em>πολλῶν</em></span> <span class='ocrx_word' id='word_1_75' title='bbox 1021 871 1331 937; x_wconf 79' lang='grc' dir='ltr'><em>τεκμηρίων</em></span> <span class='ocrx_word' id='word_1_76' title='bbox 1367 863 1635 928; x_wconf 83' lang='grc' dir='ltr'><em>ἀποδειξω</em></span> <span class='ocrx_word' id='word_1_77' title='bbox 1674 879 1763 917; x_wconf 92' lang='grc' dir='ltr'><em>σοι</em></span> 
     </span>
     <span class='ocr_line' id='line_1_11' title="bbox 87 945 1763 1026; baseline -0.004 -20"><span class='ocrx_word' id='word_1_78' title='bbox 87 954 259 1026; x_wconf 77' lang='grc' dir='ltr'><em>ἱκανῷ</em></span> <span class='ocrx_word' id='word_1_79' title='bbox 278 950 423 1024; x_wconf 78' lang='grc' dir='ltr'><em>λόγῳ</em></span> <span class='ocrx_word' id='word_1_80' title='bbox 440 948 685 1022; x_wconf 85' lang='grc' dir='ltr'><em>Ὅμηρον</em></span> <span class='ocrx_word' id='word_1_81' title='bbox 697 949 940 1021; x_wconf 83' lang='grc' dir='ltr'><em>Ἀχιλλέα</em></span> <span class='ocrx_word' id='word_1_82' title='bbox 961 953 1317 1021; x_wconf 84' lang='grc' dir='ltr'><em>πεποιηκέναι</em></span> <span class='ocrx_word' id='word_1_83' title='bbox 1337 946 1542 1019; x_wconf 86' lang='grc' dir='ltr'><em>ἀμείνω</em></span> <span class='ocrx_word' id='word_1_84' title='bbox 1564 945 1763 1001; x_wconf 89' lang='grc' dir='ltr'><em>Οδυσ-</em></span> 
     </span>
     <span class='ocr_line' id='line_1_12' title="bbox 88 1028 1763 1104; baseline -0.003 -16"><span class='ocrx_word' id='word_1_85' title='bbox 88 1037 225 1098; x_wconf 90' lang='grc' dir='ltr'><em>σε’ως</em></span> <span class='ocrx_word' id='word_1_86' title='bbox 253 1035 342 1088; x_wconf 86' lang='grc' dir='ltr'><em>καὶ</em></span> <span class='ocrx_word' id='word_1_87' title='bbox 372 1031 612 1104; x_wconf 83' lang='grc' dir='ltr'><em>ἀψευδῆ,</em></span> <span class='ocrx_word' id='word_1_88' title='bbox 651 1031 751 1088; x_wconf 87' lang='grc' dir='ltr'><em>τὸν</em></span> <span class='ocrx_word' id='word_1_89' title='bbox 771 1033 829 1089; x_wconf 78' lang='grc' dir='ltr'><em>δὲ</em></span> <span class='ocrx_word' id='word_1_90' title='bbox 850 1037 947 1089; x_wconf 89' lang='grc' dir='ltr'><em>δολ</em></span> <span class='ocrx_word' id='word_1_91' title='bbox 952 1031 1083 1101; x_wconf 88' lang='grc' dir='ltr'><em>ερόν</em></span> <span class='ocrx_word' id='word_1_92' title='bbox 1101 1053 1158 1087; x_wconf 89' lang='grc' dir='ltr'><em>τε</em></span> <span class='ocrx_word' id='word_1_93' title='bbox 1179 1033 1269 1087; x_wconf 88' lang='grc' dir='ltr'><em>καὶ</em></span> <span class='ocrx_word' id='word_1_94' title='bbox 1290 1031 1464 1086; x_wconf 77' lang='grc' dir='ltr'><em>πολλὰ</em></span> <span class='ocrx_word' id='word_1_95' title='bbox 1486 1028 1763 1100; x_wconf 84' lang='grc' dir='ltr'><em>ψευδόμε-</em></span> 
     </span>
     <span class='ocr_line' id='line_1_13' title="bbox 89 1111 1763 1187; baseline -0.002 -16"><span class='ocrx_word' id='word_1_96' title='bbox 89 1138 191 1171; x_wconf 91' lang='grc' dir='ltr'><em>νον</em></span> <span class='ocrx_word' id='word_1_97' title='bbox 210 1118 298 1171; x_wconf 76' lang='lat' dir='ltr'><em>nal</em></span> <span class='ocrx_word' id='word_1_98' title='bbox 317 1123 480 1187; x_wconf 87' lang='grc' dir='ltr'><em>χείρω</em></span> <span class='ocrx_word' id='word_1_99' title='bbox 504 1114 800 1187; x_wconf 90' lang='grc' dir='ltr'><em>Ἀχιλλέως.</em></span> <span class='ocrx_word' id='word_1_100' title='bbox 843 1121 892 1171; x_wconf 81' lang='grc' dir='ltr'><em>εἰ</em></span> <span class='ocrx_word' id='word_1_101' title='bbox 917 1115 975 1171; x_wconf 91' lang='grc' dir='ltr'><em>δε</em></span> <span class='ocrx_word' id='word_1_102' title='bbox 1003 1115 1223 1187; x_wconf 78' lang='grc' dir='ltr'><em>βούλει,</em></span> <span class='ocrx_word' id='word_1_103' title='bbox 1265 1113 1336 1169; x_wconf 84' lang='grc' dir='ltr'><em>σὺ</em></span> <span class='ocrx_word' id='word_1_104' title='bbox 1361 1117 1434 1169; x_wconf 83' lang='grc' dir='ltr'><em>αὐ</em></span> <span class='ocrx_word' id='word_1_105' title='bbox 1456 1111 1763 1182; x_wconf 77' lang='grc' dir='ltr'><em>ἀντιπαρά-</em></span> 
     </span>
     <span class='ocr_line' id='line_1_14' title="bbox 89 1196 1764 1271; baseline -0.002 -16"><span class='ocrx_word' id='word_1_106' title='bbox 89 1206 220 1271; x_wconf 88' lang='grc' dir='ltr'><em>βαλε</em></span> <span class='ocrx_word' id='word_1_107' title='bbox 249 1199 421 1270; x_wconf 88' lang='grc' dir='ltr'><em>λόγον</em></span> <span class='ocrx_word' id='word_1_108' title='bbox 450 1197 600 1268; x_wconf 85' lang='grc' dir='ltr'><em>παρὰ</em></span> <span class='ocrx_word' id='word_1_109' title='bbox 629 1199 826 1270; x_wconf 89' lang='grc' dir='ltr'><em>λόγον,</em></span> <span class='ocrx_word' id='word_1_110' title='bbox 868 1197 941 1264; x_wconf 82' lang='grc' dir='ltr'><em>ῶς</em></span> <span class='ocrx_word' id='word_1_111' title='bbox 971 1196 998 1253; x_wconf 87' lang='grc' dir='ltr'>ὁ</span> <span class='ocrx_word' id='word_1_112' title='bbox 1033 1199 1216 1267; x_wconf 79' lang='grc' dir='ltr'><em>ἕτερος</em></span> <span class='ocrx_word' id='word_1_113' title='bbox 1235 1196 1476 1270; x_wconf 87' lang='grc' dir='ltr'><em>ἀμείνων</em></span> <span class='ocrx_word' id='word_1_114' title='bbox 1496 1200 1630 1252; x_wconf 84' lang='grc' dir='ltr'><em>ἐστι’·</em></span> <span class='ocrx_word' id='word_1_115' title='bbox 1671 1198 1764 1252; x_wconf 87' lang='grc' dir='ltr'><em>καὶ</em></span> 
     </span>
     <span class='ocr_line' id='line_1_15' title="bbox 88 1274 1476 1353; baseline -0.001 -16"><span class='ocrx_word' id='word_1_116' title='bbox 88 1289 301 1353; x_wconf 82' lang='grc' dir='ltr'><em>μᾶλλον</em></span> <span class='ocrx_word' id='word_1_117' title='bbox 318 1291 559 1339; x_wconf 81' lang='grc' dir='ltr'><em>εἰσονται</em></span> <span class='ocrx_word' id='word_1_118' title='bbox 577 1274 732 1337; x_wconf 84' lang='grc' dir='ltr'><em>οὗτοι</em></span> <span class='ocrx_word' id='word_1_119' title='bbox 746 1280 1047 1353; x_wconf 88' lang='grc' dir='ltr'><em>,ὁπότερος</em></span> <span class='ocrx_word' id='word_1_120' title='bbox 1067 1282 1298 1352; x_wconf 81' lang='grc' dir='ltr'><em>ἄμεινον</em></span> <span class='ocrx_word' id='word_1_121' title='bbox 1316 1284 1476 1351; x_wconf 91' lang='grc' dir='ltr'><em>λέγει.</em></span> 
     </span>
    </p>

    <p class='ocr_par' dir='ltr' id='par_1_7' title="bbox 85 1357 1825 2188">
     <span class='ocr_line' id='line_1_16' title="bbox 228 1357 1825 1435; baseline -0.003 -14"><span class='ocrx_word' id='word_1_122' title='bbox 228 1370 333 1421; x_wconf 76' lang='lat' dir='ltr'><em>xu.</em></span> <span class='ocrx_word' id='word_1_123' title='bbox 406 1370 531 1421; x_wconf 78' lang='grc' dir='ltr'><em>ΣΩ.</em></span> <span class='ocrx_word' id='word_1_124' title='bbox 578 1357 641 1420; x_wconf 75' lang='grc' dir='ltr'><em>Ὦ</em></span> <span class='ocrx_word' id='word_1_125' title='bbox 667 1361 873 1434; x_wconf 85' lang='grc' dir='ltr'><em>Ἱππία,</em></span> <span class='ocrx_word' id='word_1_126' title='bbox 914 1364 1021 1435; x_wconf 76' lang='grc' dir='ltr'><em>ἐγώ</em></span> <span class='ocrx_word' id='word_1_127' title='bbox 1058 1386 1142 1419; x_wconf 88' lang='grc' dir='ltr'><em>τοι</em></span> <span class='ocrx_word' id='word_1_128' title='bbox 1178 1362 1281 1419; x_wconf 83' lang='grc' dir='ltr'><em>οὐκ</em></span> <span class='ocrx_word' id='word_1_129' title='bbox 1317 1361 1648 1434; x_wconf 77' lang='grc' dir='ltr'><em>ἀμφισβητῶ</em></span> <span class='ocrx_word' id='word_1_130' title='bbox 1684 1358 1757 1433; x_wconf 82' lang='grc' dir='ltr'><em>μὴ</em></span> <span class='ocrx_word' id='word_1_131' title='bbox 1791 1375 1825 1416; x_wconf 89' lang='lat' dir='ltr'>D</span> 
     </span>
     <span class='ocr_line' id='line_1_17' title="bbox 86 1442 1761 1519; baseline -0.002 -15"><span class='ocrx_word' id='word_1_132' title='bbox 86 1446 208 1519; x_wconf 81' lang='grc' dir='ltr'><em>οὐχὶ</em></span> <span class='ocrx_word' id='word_1_133' title='bbox 240 1448 300 1504; x_wconf 70' lang='grc' dir='ltr'><em>σε</em></span> <span class='ocrx_word' id='word_1_134' title='bbox 330 1446 470 1503; x_wconf 85' lang='grc' dir='ltr'><em>εἶναι</em></span> <span class='ocrx_word' id='word_1_135' title='bbox 502 1446 826 1518; x_wconf 71' lang='grc' dir='ltr'><em>σοφώτερον</em></span> <span class='ocrx_word' id='word_1_136' title='bbox 847 1442 884 1518; x_wconf 80' lang='grc' dir='ltr'><strong><em>ἦ</em></strong></span> <span class='ocrx_word' id='word_1_137' title='bbox 913 1450 1008 1519; x_wconf 84' lang='grc' dir='ltr'><em>ἐμέ</em></span> <span class='ocrx_word' id='word_1_138' title='bbox 1019 1470 1028 1480; x_wconf 90' lang='grc'><em>·</em></span> <span class='ocrx_word' id='word_1_139' title='bbox 1068 1446 1191 1503; x_wconf 83' lang='grc' dir='ltr'><em>ἀλλ’</em></span> <span class='ocrx_word' id='word_1_140' title='bbox 1215 1444 1298 1503; x_wconf 85' lang='grc' dir='ltr'><em>ἀεὶ</em></span> <span class='ocrx_word' id='word_1_141' title='bbox 1323 1454 1516 1515; x_wconf 77' lang='grc' dir='ltr'><em>εἴωθα,</em></span> <span class='ocrx_word' id='word_1_142' title='bbox 1537 1444 1761 1502; x_wconf 82' lang='grc' dir='ltr'><em>ἐπειδάν</em></span> 
     </span>
     <span class='ocr_line' id='line_1_18' title="bbox 88 1528 1763 1604; baseline -0.002 -17"><span class='ocrx_word' id='word_1_143' title='bbox 88 1554 165 1596; x_wconf 81' lang='grc' dir='ltr'><em>τις</em></span> <span class='ocrx_word' id='word_1_144' title='bbox 193 1533 323 1604; x_wconf 83' lang='grc' dir='ltr'><em>λέγῃ</em></span> <span class='ocrx_word' id='word_1_145' title='bbox 351 1554 429 1600; x_wconf 89' lang='grc' dir='ltr'><em>τι,</em></span> <span class='ocrx_word' id='word_1_146' title='bbox 470 1532 761 1601; x_wconf 87' lang='grc' dir='ltr'><em>προσέχειν</em></span> <span class='ocrx_word' id='word_1_147' title='bbox 791 1529 889 1586; x_wconf 83' lang='grc' dir='ltr'><em>τὸν</em></span> <span class='ocrx_word' id='word_1_148' title='bbox 906 1539 1074 1602; x_wconf 86' lang='grc' dir='ltr'><em>νοῦν,</em></span> <span class='ocrx_word' id='word_1_149' title='bbox 1114 1531 1292 1596; x_wconf 76' lang='grc' dir='ltr'><em>ἄλλως</em></span> <span class='ocrx_word' id='word_1_150' title='bbox 1330 1553 1388 1586; x_wconf 91' lang='grc' dir='ltr'><em>τε</em></span> <span class='ocrx_word' id='word_1_151' title='bbox 1418 1532 1509 1586; x_wconf 83' lang='grc' dir='ltr'><em>καὶ</em></span> <span class='ocrx_word' id='word_1_152' title='bbox 1538 1528 1763 1586; x_wconf 80' lang='grc' dir='ltr'><em>ἐπειδάν</em></span> 
     </span>
     <span class='ocr_line' id='line_1_19' title="bbox 88 1611 1764 1687; baseline 0 -18"><span class='ocrx_word' id='word_1_153' title='bbox 88 1635 179 1686; x_wconf 88' lang='grc' dir='ltr'><em>μοι</em></span> <span class='ocrx_word' id='word_1_154' title='bbox 199 1618 338 1686; x_wconf 83' lang='grc' dir='ltr'><em>δοκῇ</em></span> <span class='ocrx_word' id='word_1_155' title='bbox 357 1614 533 1684; x_wconf 87' lang='grc' dir='ltr'><em>σοφὸς</em></span> <span class='ocrx_word' id='word_1_156' title='bbox 551 1612 692 1669; x_wconf 84' lang='grc' dir='ltr'><em>εἶναι</em></span> <span class='ocrx_word' id='word_1_157' title='bbox 712 1611 740 1669; x_wconf 86' lang='grc' dir='ltr'><strong>ὁ</strong></span> <span class='ocrx_word' id='word_1_158' title='bbox 770 1616 976 1686; x_wconf 86' lang='grc' dir='ltr'><em>λέγων,</em></span> <span class='ocrx_word' id='word_1_159' title='bbox 1014 1617 1105 1670; x_wconf 87' lang='grc' dir='ltr'><em>καὶ</em></span> <span class='ocrx_word' id='word_1_160' title='bbox 1125 1618 1417 1687; x_wconf 78' lang='grc' dir='ltr'><em>ἐπιθυμῶν</em></span> <span class='ocrx_word' id='word_1_161' title='bbox 1436 1622 1640 1686; x_wconf 83' lang='grc' dir='ltr'><em>μαθεῖν</em></span> <span class='ocrx_word' id='word_1_162' title='bbox 1659 1611 1692 1670; x_wconf 80' lang='grc' dir='ltr'>ὅ</span> <span class='ocrx_word' id='word_1_163' title='bbox 1712 1635 1764 1671; x_wconf 84' lang='grc' dir='ltr'><em>τι</em></span> 
     </span>
     <span class='ocr_line' id='line_1_20' title="bbox 87 1694 1761 1771; baseline -0.001 -17"><span class='ocrx_word' id='word_1_164' title='bbox 87 1702 231 1770; x_wconf 84' lang='grc' dir='ltr'><em>λέγει</em></span> <span class='ocrx_word' id='word_1_165' title='bbox 261 1698 712 1770; x_wconf 84' lang='grc' dir='ltr'><em>διαπυνθάνομαι</em></span> <span class='ocrx_word' id='word_1_166' title='bbox 741 1702 831 1754; x_wconf 82' lang='grc' dir='ltr'><em>καὶ</em></span> <span class='ocrx_word' id='word_1_167' title='bbox 859 1701 1226 1754; x_wconf 85' lang='grc' dir='ltr'><em>έπανασκοπῶ</em></span> <span class='ocrx_word' id='word_1_168' title='bbox 1246 1700 1339 1755; x_wconf 85' lang='grc' dir='ltr'><em>καὶ</em></span> <span class='ocrx_word' id='word_1_169' title='bbox 1358 1697 1676 1771; x_wconf 82' lang='grc' dir='ltr'><em>συμβιβάζω</em></span> <span class='ocrx_word' id='word_1_170' title='bbox 1695 1694 1761 1752; x_wconf 75' lang='grc' dir='ltr'><em>τὰ</em></span> 
     </span>
     <span class='ocr_line' id='line_1_21' title="bbox 86 1777 1761 1855; baseline 0 -17"><span class='ocrx_word' id='word_1_171' title='bbox 86 1789 384 1853; x_wconf 80' lang='grc' dir='ltr'><em>λεγόμενα,</em></span> <span class='ocrx_word' id='word_1_172' title='bbox 422 1786 514 1839; x_wconf 82' lang='grc' dir='ltr'><em>ἵνα</em></span> <span class='ocrx_word' id='word_1_173' title='bbox 549 1783 742 1854; x_wconf 79' lang='grc' dir='ltr'><em>μάθω·</em></span> <span class='ocrx_word' id='word_1_174' title='bbox 781 1781 881 1838; x_wconf 79' lang='grc' dir='ltr'><em>ἐὰν</em></span> <span class='ocrx_word' id='word_1_175' title='bbox 917 1785 976 1838; x_wconf 81' lang='grc' dir='ltr'><em>δὲ</em></span> <span class='ocrx_word' id='word_1_176' title='bbox 1014 1790 1228 1854; x_wconf 86' lang='grc' dir='ltr'><em>φαῦλος</em></span> <span class='ocrx_word' id='word_1_177' title='bbox 1258 1786 1397 1855; x_wconf 84' lang='grc' dir='ltr'><em>δοκῇ</em></span> <span class='ocrx_word' id='word_1_178' title='bbox 1426 1804 1519 1854; x_wconf 90' lang='grc' dir='ltr'><em>μοι</em></span> <span class='ocrx_word' id='word_1_179' title='bbox 1557 1780 1696 1838; x_wconf 82' lang='grc' dir='ltr'><em>εἶναι</em></span> <span class='ocrx_word' id='word_1_180' title='bbox 1732 1777 1761 1838; x_wconf 85' lang='grc' dir='ltr'><strong>ὁ</strong></span> 
     </span>
     <span class='ocr_line' id='line_1_22' title="bbox 86 1859 1764 1938; baseline -0.001 -17"><span class='ocrx_word' id='word_1_181' title='bbox 86 1867 280 1937; x_wconf 84' lang='grc' dir='ltr'><em>λέγων,</em></span> <span class='ocrx_word' id='word_1_182' title='bbox 303 1864 429 1921; x_wconf 84' lang='grc' dir='ltr'><em>οὔτε</em></span> <span class='ocrx_word' id='word_1_183' title='bbox 449 1867 774 1935; x_wconf 79' lang='grc' dir='ltr'><em>ἐπανερωτῶ</em></span> <span class='ocrx_word' id='word_1_184' title='bbox 795 1865 923 1922; x_wconf 83' lang='grc' dir='ltr'><em>οὔτε</em></span> <span class='ocrx_word' id='word_1_185' title='bbox 941 1888 1033 1936; x_wconf 91' lang='grc' dir='ltr'><em>μοι</em></span> <span class='ocrx_word' id='word_1_186' title='bbox 1054 1870 1201 1938; x_wconf 86' lang='grc' dir='ltr'><em>μέλει</em></span> <span class='ocrx_word' id='word_1_187' title='bbox 1224 1859 1304 1921; x_wconf 82' lang='grc' dir='ltr'><em>ῶν</em></span> <span class='ocrx_word' id='word_1_188' title='bbox 1323 1867 1483 1937; x_wconf 89' lang='grc' dir='ltr'><em>λέγει.</em></span> <span class='ocrx_word' id='word_1_189' title='bbox 1503 1867 1594 1921; x_wconf 88' lang='grc' dir='ltr'><em>καὶ</em></span> <span class='ocrx_word' id='word_1_190' title='bbox 1611 1865 1764 1935; x_wconf 80' lang='grc' dir='ltr'><em>γνῶ-</em></span> 
     </span>
     <span class='ocr_line' id='line_1_23' title="bbox 86 1945 1761 2023; baseline -0.002 -19"><span class='ocrx_word' id='word_1_191' title='bbox 86 1966 169 2005; x_wconf 90' lang='grc' dir='ltr'><em>σει</em></span> <span class='ocrx_word' id='word_1_192' title='bbox 190 1949 367 2023; x_wconf 79' lang='grc' dir='ltr'><em>τούτω</em></span> <span class='ocrx_word' id='word_1_193' title='bbox 389 1945 485 2014; x_wconf 79' lang='grc' dir='ltr'><em>οὓς</em></span> <span class='ocrx_word' id='word_1_194' title='bbox 504 1945 575 2004; x_wconf 73' lang='grc' dir='ltr'><em>ἂν</em></span> <span class='ocrx_word' id='word_1_195' title='bbox 594 1947 700 2020; x_wconf 75' lang='grc' dir='ltr'><em>ε’γῶ</em></span> <span class='ocrx_word' id='word_1_196' title='bbox 722 1947 938 2022; x_wconf 82' lang='grc' dir='ltr'><em>ἡγῶμαι</em></span> <span class='ocrx_word' id='word_1_197' title='bbox 957 1949 1170 2022; x_wconf 77' lang='grc' dir='ltr'><em>σοφοὺς</em></span> <span class='ocrx_word' id='word_1_198' title='bbox 1191 1950 1353 2006; x_wconf 83' lang='grc' dir='ltr'><em>εἶναι·</em></span> <span class='ocrx_word' id='word_1_199' title='bbox 1386 1945 1636 2020; x_wconf 88' lang='grc' dir='ltr'><em>εὑρήσεις</em></span> <span class='ocrx_word' id='word_1_200' title='bbox 1653 1946 1761 2017; x_wconf 78' lang='grc' dir='ltr'><em>γάρ</em></span> 
     </span>
     <span class='ocr_line' id='line_1_24' title="bbox 85 2030 1824 2104; baseline -0.003 -17"><span class='ocrx_word' id='word_1_201' title='bbox 85 2053 152 2102; x_wconf 89' lang='grc' dir='ltr'><em>με</em></span> <span class='ocrx_word' id='word_1_202' title='bbox 172 2038 375 2103; x_wconf 86' lang='grc' dir='ltr'><em>λιπαρῆ</em></span> <span class='ocrx_word' id='word_1_203' title='bbox 395 2030 529 2088; x_wconf 86' lang='grc' dir='ltr'><em>ὄντα</em></span> <span class='ocrx_word' id='word_1_204' title='bbox 549 2034 673 2101; x_wconf 86' lang='grc' dir='ltr'><em>περὶ</em></span> <span class='ocrx_word' id='word_1_205' title='bbox 695 2033 760 2087; x_wconf 81' lang='grc' dir='ltr'><em>τὰ</em></span> <span class='ocrx_word' id='word_1_206' title='bbox 783 2032 1052 2104; x_wconf 87' lang='grc' dir='ltr'><em>λεγόμενα</em></span> <span class='ocrx_word' id='word_1_207' title='bbox 1072 2031 1181 2089; x_wconf 82' lang='grc' dir='ltr'><em>ὑπὸ</em></span> <span class='ocrx_word' id='word_1_208' title='bbox 1204 2033 1407 2088; x_wconf 88' lang='grc' dir='ltr'><em>τούτου</em></span> <span class='ocrx_word' id='word_1_209' title='bbox 1427 2032 1518 2087; x_wconf 84' lang='grc' dir='ltr'><em>καὶ</em></span> <span class='ocrx_word' id='word_1_210' title='bbox 1537 2038 1763 2087; x_wconf 84' lang='grc' dir='ltr'><em>πυνθα-</em></span> <span class='ocrx_word' id='word_1_211' title='bbox 1790 2040 1824 2082; x_wconf 85' lang='grc' dir='ltr'><strong>Ε</strong></span> 
     </span>
     <span class='ocr_line' id='line_1_25' title="bbox 85 2112 1763 2188; baseline 0.001 -19"><span class='ocrx_word' id='word_1_212' title='bbox 85 2114 328 2185; x_wconf 84' lang='grc' dir='ltr'><em>νόμενον</em></span> <span class='ocrx_word' id='word_1_213' title='bbox 357 2112 489 2184; x_wconf 84' lang='grc' dir='ltr'><em>παρ’</em></span> <span class='ocrx_word' id='word_1_214' title='bbox 522 2112 722 2183; x_wconf 81' lang='grc' dir='ltr'><em>αὐτοῦ,</em></span> <span class='ocrx_word' id='word_1_215' title='bbox 759 2119 852 2171; x_wconf 79' lang='grc' dir='ltr'><em>ἵνα</em></span> <span class='ocrx_word' id='word_1_216' title='bbox 880 2117 1083 2187; x_wconf 78' lang='grc' dir='ltr'><em>μαθών</em></span> <span class='ocrx_word' id='word_1_217' title='bbox 1111 2139 1162 2172; x_wconf 90' lang='grc' dir='ltr'><em>τι</em></span> <span class='ocrx_word' id='word_1_218' title='bbox 1192 2114 1485 2188; x_wconf 81' lang='grc' dir='ltr'><em>ῶφεληθῶ.</em></span> <span class='ocrx_word' id='word_1_219' title='bbox 1529 2115 1642 2170; x_wconf 83' lang='grc' dir='ltr'><em>ἐπεὶ</em></span> <span class='ocrx_word' id='word_1_220' title='bbox 1670 2115 1763 2170; x_wconf 84' lang='grc' dir='ltr'><em>καὶ</em></span> 
     </span>
    </p>
   </div>
   <div class='ocr_carea' id='block_1_7' title="bbox 0 2192 1760 2269">
    <p class='ocr_par' dir='ltr' id='par_1_8' title="bbox 0 2192 1760 2269">
     <span class='ocr_line' id='line_1_26' title="bbox 0 2192 1760 2269; baseline -0.001 -16"><span class='ocrx_word' id='word_1_221' title='bbox 0 2201 1 2204; x_wconf 64' lang='grc'>’</span> <span class='ocrx_word' id='word_1_222' title='bbox 85 2204 195 2253; x_wconf 87' lang='grc' dir='ltr'><em>νῦν</em></span> <span class='ocrx_word' id='word_1_223' title='bbox 232 2198 530 2269; x_wconf 77' lang='grc' dir='ltr'><em>ἐννενόηκα</em></span> <span class='ocrx_word' id='word_1_224' title='bbox 559 2205 664 2253; x_wconf 89' lang='grc' dir='ltr'><em>σοῦ</em></span> <span class='ocrx_word' id='word_1_225' title='bbox 694 2200 977 2269; x_wconf 83' lang='grc' dir='ltr'><em>λέγοντος,</em></span> <span class='ocrx_word' id='word_1_226' title='bbox 1019 2196 1101 2255; x_wconf 84' lang='grc' dir='ltr'><em>ὅτι</em></span> <span class='ocrx_word' id='word_1_227' title='bbox 1129 2202 1190 2254; x_wconf 85' lang='grc' dir='ltr'><em>έν</em></span> <span class='ocrx_word' id='word_1_228' title='bbox 1220 2211 1331 2264; x_wconf 83' lang='grc' dir='ltr'><em>τοῖς</em></span> <span class='ocrx_word' id='word_1_229' title='bbox 1362 2204 1549 2255; x_wconf 80' lang='grc' dir='ltr'><em>ἔπεσιν</em></span> <span class='ocrx_word' id='word_1_230' title='bbox 1578 2192 1658 2263; x_wconf 83' lang='grc' dir='ltr'><em>οἷς</em></span> <span class='ocrx_word' id='word_1_231' title='bbox 1689 2194 1760 2252; x_wconf 83' lang='grc' dir='ltr'><strong>σύ</strong></span> 
     </span>
    </p>
   </div>
   <div class='ocr_carea' id='block_1_8' title="bbox 85 2278 1879 2685">
    <p class='ocr_par' dir='ltr' id='par_1_9' title="bbox 85 2278 1879 2685">
     <span class='ocr_line' id='line_1_27' title="bbox 86 2278 1762 2353; baseline -0.001 -17"><span class='ocrx_word' id='word_1_232' title='bbox 86 2279 209 2349; x_wconf 79' lang='grc' dir='ltr'><em>ἄρτι</em></span> <span class='ocrx_word' id='word_1_233' title='bbox 234 2285 441 2351; x_wconf 82' lang='grc' dir='ltr'><em>ἔλεγες,</em></span> <span class='ocrx_word' id='word_1_234' title='bbox 463 2281 882 2352; x_wconf 77' lang='grc' dir='ltr'><em>ἐνδεικνύμενος</em></span> <span class='ocrx_word' id='word_1_235' title='bbox 899 2280 997 2338; x_wconf 82' lang='grc' dir='ltr'><em>τὸν</em></span> <span class='ocrx_word' id='word_1_236' title='bbox 1023 2280 1261 2353; x_wconf 79' lang='grc' dir='ltr'><em>Ἀχιλλέα</em></span> <span class='ocrx_word' id='word_1_237' title='bbox 1283 2286 1358 2347; x_wconf 86' lang='grc' dir='ltr'><em>είς</em></span> <span class='ocrx_word' id='word_1_238' title='bbox 1377 2282 1477 2337; x_wconf 86' lang='grc' dir='ltr'><em>τὸν</em></span> <span class='ocrx_word' id='word_1_239' title='bbox 1500 2278 1762 2337; x_wconf 83' lang='grc' dir='ltr'><em>Ὀδυσσέα</em></span> 
     </span>
     <span class='ocr_line' id='line_1_28' title="bbox 89 2361 1762 2435; baseline -0.001 -17"><span class='ocrx_word' id='word_1_240' title='bbox 89 2367 263 2434; x_wconf 79' lang='grc' dir='ltr'><em>λέγειν</em></span> <span class='ocrx_word' id='word_1_241' title='bbox 300 2386 373 2428; x_wconf 86' lang='grc' dir='ltr'><em>ως</em></span> <span class='ocrx_word' id='word_1_242' title='bbox 401 2361 697 2429; x_wconf 77' lang='grc' dir='ltr'><em>ἆλαζόνα”</em></span> <span class='ocrx_word' id='word_1_243' title='bbox 665 2386 827 2433; x_wconf 89' lang='grc' dir='ltr'><em>οντα,</em></span> <span class='ocrx_word' id='word_1_244' title='bbox 868 2363 1080 2420; x_wconf 75' lang='grc' dir='ltr'><em>ἄτοπόν</em></span> <span class='ocrx_word' id='word_1_245' title='bbox 1110 2387 1203 2435; x_wconf 83' lang='grc' dir='ltr'><em>μοι</em></span> <span class='ocrx_word' id='word_1_246' title='bbox 1232 2368 1387 2420; x_wconf 83' lang='grc' dir='ltr'><em>δοκεῖ</em></span> <span class='ocrx_word' id='word_1_247' title='bbox 1411 2362 1579 2435; x_wconf 82' lang='grc' dir='ltr'><em>εἶναι,</em></span> <span class='ocrx_word' id='word_1_248' title='bbox 1615 2367 1664 2419; x_wconf 81' lang='grc' dir='ltr'><em>εἰ</em></span> <span class='ocrx_word' id='word_1_249' title='bbox 1690 2380 1762 2418; x_wconf 92' lang='grc' dir='ltr'><em>συ</em></span> 
     </span>
     <span class='ocr_line' id='line_1_29' title="bbox 85 2443 1879 2520; baseline 0.002 -19"><span class='ocrx_word' id='word_1_250' title='bbox 85 2445 269 2518; x_wconf 76' lang='grc' dir='ltr'><em>ἀληθῆ</em></span> <span class='ocrx_word' id='word_1_251' title='bbox 289 2444 534 2517; x_wconf 75' lang='grc' dir='ltr'><em>λέγεις,”</em></span> <span class='ocrx_word' id='word_1_252' title='bbox 500 2469 583 2501; x_wconf 89' lang='grc' dir='ltr'><em>οτι</em></span> <span class='ocrx_word' id='word_1_253' title='bbox 605 2444 633 2501; x_wconf 83' lang='grc' dir='ltr'><strong>ὁ</strong></span> <span class='ocrx_word' id='word_1_254' title='bbox 652 2446 755 2516; x_wconf 71' lang='grc' dir='ltr'><em>μὲν</em></span> <span class='ocrx_word' id='word_1_255' title='bbox 769 2443 1064 2514; x_wconf 78' lang='grc' dir='ltr'><em>Ὀδυσσεὺς</em></span> <span class='ocrx_word' id='word_1_256' title='bbox 1083 2447 1336 2520; x_wconf 83' lang='grc' dir='ltr'><em>οὐδαμοῦ</em></span> <span class='ocrx_word' id='word_1_257' title='bbox 1354 2457 1609 2519; x_wconf 85' lang='grc' dir='ltr'><em>φαίνεται</em></span> <span class='ocrx_word' id='word_1_258' title='bbox 1623 2459 1764 2515; x_wconf 81' lang='grc' dir='ltr'><em>ψευ-</em></span> <span class='ocrx_word' id='word_1_259' title='bbox 1789 2457 1879 2506; x_wconf 79' lang='grc'><em>370</em></span> 
     </span>
     <span class='ocr_line' id='line_1_30' title="bbox 85 2525 1764 2603; baseline 0.001 -19"><span class='ocrx_word' id='word_1_260' title='bbox 85 2528 352 2598; x_wconf 66' lang='grc' dir='ltr'><em>σάιιενος,</em></span> <span class='ocrx_word' id='word_1_261' title='bbox 393 2525 421 2583; x_wconf 85' lang='grc' dir='ltr'><strong>ὁ</strong></span> <span class='ocrx_word' id='word_1_262' title='bbox 458 2529 834 2599; x_wconf 83' lang='grc' dir='ltr'><em>πολύτροπος,</em></span> <span class='ocrx_word' id='word_1_263' title='bbox 877 2530 905 2586; x_wconf 87' lang='grc' dir='ltr'>ὁ</span> <span class='ocrx_word' id='word_1_264' title='bbox 940 2532 998 2588; x_wconf 78' lang='grc' dir='ltr'><em>δὲ</em></span> <span class='ocrx_word' id='word_1_265' title='bbox 1022 2530 1297 2603; x_wconf 80' lang='grc' dir='ltr'><em>Ἀχιλλεὺς</em></span> <span class='ocrx_word' id='word_1_266' title='bbox 1315 2530 1665 2602; x_wconf 82' lang='grc' dir='ltr'><em>πολύτροπός</em></span> <span class='ocrx_word' id='word_1_267' title='bbox 1684 2553 1764 2597; x_wconf 91' lang='grc' dir='ltr'><em>τις</em></span> 
     </span>
     <span class='ocr_line' id='line_1_31' title="bbox 85 2610 1763 2685; baseline 0.002 -20"><span class='ocrx_word' id='word_1_268' title='bbox 85 2616 338 2682; x_wconf 83' lang='grc' dir='ltr'><em>φαίνεται</em></span> <span class='ocrx_word' id='word_1_269' title='bbox 368 2612 504 2666; x_wconf 78' lang='grc' dir='ltr'><em>κατὰ</em></span> <span class='ocrx_word' id='word_1_270' title='bbox 535 2610 634 2667; x_wconf 86' lang='grc' dir='ltr'><em>τὸν</em></span> <span class='ocrx_word' id='word_1_271' title='bbox 663 2611 766 2667; x_wconf 86' lang='grc' dir='ltr'><em>σὸν</em></span> <span class='ocrx_word' id='word_1_272' title='bbox 787 2613 979 2683; x_wconf 84' lang='grc' dir='ltr'><em>λόγον·</em></span> <span class='ocrx_word' id='word_1_273' title='bbox 1011 2615 1271 2681; x_wconf 84' lang='grc' dir='ltr'><em>ψεύδεται</em></span> <span class='ocrx_word' id='word_1_274' title='bbox 1290 2622 1447 2685; x_wconf 85' lang='grc' dir='ltr'><em>γοῦν.</em></span> <span class='ocrx_word' id='word_1_275' title='bbox 1480 2611 1763 2684; x_wconf 77' lang='grc' dir='ltr'><em>προειπών</em></span> 
     </span>
    </p>
   </div>
   <div class='ocr_carea' id='block_1_9' title="bbox 4 2692 1323 2768">
    <p class='ocr_par' dir='ltr' id='par_1_10' title="bbox 4 2692 1323 2768">
     <span class='ocr_line' id='line_1_32' title="bbox 4 2692 1323 2768; baseline 0.006 -21"><span class='ocrx_word' id='word_1_276' title='bbox 4 2757 7 2766; x_wconf 19' lang='grc' dir='ltr'><strong><em>ν</em></strong></span> <span class='ocrx_word' id='word_1_277' title='bbox 85 2692 192 2763; x_wconf 77' lang='grc' dir='ltr'><em>γάρ</em></span> <span class='ocrx_word' id='word_1_278' title='bbox 211 2700 382 2749; x_wconf 87' lang='grc' dir='ltr'><em>ταῦτα</em></span> <span class='ocrx_word' id='word_1_279' title='bbox 402 2692 467 2749; x_wconf 83' lang='grc' dir='ltr'><em>τὰ</em></span> <span class='ocrx_word' id='word_1_280' title='bbox 489 2699 618 2765; x_wconf 80' lang='grc' dir='ltr'><em>ἔπη,</em></span> <span class='ocrx_word' id='word_1_281' title='bbox 643 2693 784 2763; x_wconf 71' lang='grc' dir='ltr'><em>ὅπερ</em></span> <span class='ocrx_word' id='word_1_282' title='bbox 804 2699 893 2750; x_wconf 80' lang='grc' dir='ltr'><em>καὶ</em></span> <span class='ocrx_word' id='word_1_283' title='bbox 915 2696 986 2753; x_wconf 82' lang='grc' dir='ltr'><em>σὺ</em></span> <span class='ocrx_word' id='word_1_284' title='bbox 1009 2697 1207 2764; x_wconf 82' lang='grc' dir='ltr'><em>εἷπες”</em></span> <span class='ocrx_word' id='word_1_285' title='bbox 1171 2720 1295 2768; x_wconf 86' lang='grc' dir='ltr'><em>αρτι</em></span> <span class='ocrx_word' id='word_1_286' title='bbox 1310 2741 1323 2766; x_wconf 91' lang='grc'><em>,</em></span> 
     </span>
    </p>
   </div>
   <div class='ocr_carea' id='block_1_10' title="bbox 190 2775 1590 2936">
    <p class='ocr_par' dir='ltr' id='par_1_11' title="bbox 190 2775 1590 2936">
     <span class='ocr_line' id='line_1_33' title="bbox 190 2775 1475 2856; baseline 0.007 -26"><span class='ocrx_word' id='word_1_287' title='bbox 190 2775 390 2845; x_wconf 82' lang='grc' dir='ltr'><em>ἐχθρὸς</em></span> <span class='ocrx_word' id='word_1_288' title='bbox 409 2777 515 2847; x_wconf 84' lang='grc' dir='ltr'><em>γάρ</em></span> <span class='ocrx_word' id='word_1_289' title='bbox 534 2800 626 2847; x_wconf 88' lang='grc' dir='ltr'><em>μοι</em></span> <span class='ocrx_word' id='word_1_290' title='bbox 643 2789 822 2845; x_wconf 81' lang='grc' dir='ltr'><em>κεῖνος</em></span> <span class='ocrx_word' id='word_1_291' title='bbox 845 2777 992 2849; x_wconf 81' lang='grc' dir='ltr'><em>ὁμῶς</em></span> <span class='ocrx_word' id='word_1_292' title='bbox 1008 2779 1185 2838; x_wconf 70' lang='grc' dir='ltr'><em>Ἀίδαο</em></span> <span class='ocrx_word' id='word_1_293' title='bbox 1206 2781 1475 2856; x_wconf 84' lang='grc' dir='ltr'><em>πύλῃσιν,</em></span> 
     </span>
     <span class='ocr_line' id='line_1_34' title="bbox 191 2855 1590 2936; baseline 0.005 -24"><span class='ocrx_word' id='word_1_294' title='bbox 191 2855 252 2922; x_wconf 84' lang='grc' dir='ltr'><em>ὅς</em></span> <span class='ocrx_word' id='word_1_295' title='bbox 270 2856 314 2929; x_wconf 82' lang='grc' dir='ltr'><em>χ’</em></span> <span class='ocrx_word' id='word_1_296' title='bbox 335 2858 524 2928; x_wconf 81' lang='grc' dir='ltr'><em>ἕτερον</em></span> <span class='ocrx_word' id='word_1_297' title='bbox 542 2861 647 2932; x_wconf 74' lang='grc' dir='ltr'><em>μὲν</em></span> <span class='ocrx_word' id='word_1_298' title='bbox 665 2861 845 2934; x_wconf 80' lang='grc' dir='ltr'><em>κεύθῃ</em></span> <span class='ocrx_word' id='word_1_299' title='bbox 865 2864 945 2919; x_wconf 82' lang='grc' dir='ltr'><em>ἐνὶ</em></span> <span class='ocrx_word' id='word_1_300' title='bbox 966 2870 1189 2935; x_wconf 86' lang='grc' dir='ltr'><em>φρεσίν,</em></span> <span class='ocrx_word' id='word_1_301' title='bbox 1212 2861 1344 2920; x_wconf 78' lang='grc' dir='ltr'><em>ἄλλο</em></span> <span class='ocrx_word' id='word_1_302' title='bbox 1367 2864 1423 2919; x_wconf 76' lang='grc' dir='ltr'><em>δὲ</em></span> <span class='ocrx_word' id='word_1_303' title='bbox 1447 2870 1590 2936; x_wconf 78' lang='grc' dir='ltr'><em>εἴπῃ,</em></span> 
     </span>
    </p>
   </div>
  </div>
 </body>
</html>
