1962 3112
0 0 4 9 ι
98 0 253 10 νιν---ῐ-
286 0 291 1 ’
322 0 477 18 ·Ᾰ,·,,ὶ;.”’
518 0 538 18 ’,ν
606 0 634 5 ··’
673 0 740 9 ην·-
784 0 813 22 'J
892 0 902 4 ¹*
954 0 981 20 1*

122 125 179 171 81
670 116 837 165 ΠΡΩ,
854 119 952 165 ΤΑ
965 117 1066 166 ΓΟ
1078 118 1243 165 ΡΑΣ.
1703 118 1807 171 169

123 249 226 308 οὐκ
247 254 565 307 ἐπαινοῖσθε
580 273 591 285 ·
617 248 932 322 εὐδοκιμεῖν
949 247 1170 321 μὲνγὰρ
1183 255 1295 306 ἔστι
1315 250 1461 320 παρὰ
1472 262 1589 317 ταῖς
1606 263 1804 325 ψυχαῖς

123 344 237 392 τῶν
272 333 599 390 ἀκουόντων
629 332 766 389 ἄνευ
801 334 1037 405 ἀπάτης,
1075 336 1423 390 ἐπαινεῖσθαι
1460 334 1520 390 δὲ
1556 337 1615 390 ἐν
1653 336 1800 411 λόγῳ

125 417 387 482 πολλάκις
414 414 562 486 παρὰ
595 416 766 482 δόξαν
794 419 1184 487 ψευδομένων·
1221 414 1378 488 ἡμεῖς
1395 414 1435 471 τ’
1461 408 1537 471 αὖ
1553 420 1612 472 οἰ
1627 416 1803 474 ἀκού-

123 521 278 564 οντες
310 497 520 570 μάλιστ’
544 495 618 554 ἂν
648 497 826 564 οὕτως
856 497 1325 570 εὐφραινοίμεθα,
1363 497 1466 570 οὐχ
1494 496 1796 571 ἡδοίμεθα·
1829 514 1865 556 c·

122 579 531 652 εύφραίνεσθαι
557 581 661 651 μὲν
690 579 798 650 γὰρ
827 584 941 636 ἔστι
970 580 1338 651 μανθάνοντά
1367 604 1418 637 τι
1455 582 1547 637 καὶ
1583 583 1800 654 φρονή-

122 681 260 728 σεως
307 663 801 734 μεταλαμβάνοντα
851 660 996 735 αὐτῇ
1040 671 1110 734 τῇ
1153 667 1396 735 διανοίᾳ,
1455 661 1692 735 ἥδεσθαι
1740 665 1799 721 δὲ

120 745 383 800 ἐσθίοντά
405 767 453 800 τι
472 740 510 815 ἦ
529 745 665 801 ἄλλο
684 742 792 815 ἡδύ
814 746 1093 815 πάσχοντα
1114 742 1269 819 αὐτῷ
1285 752 1363 819 τῷ
1381 746 1607 817 σώματι.

257 833 439 883 XXIV.
519 834 705 883 Ταῦτα
734 821 839 882 οὖν
868 827 1119 891 εἰπόντος
1147 833 1250 882 τοῦ
1286 830 1572 896 Προδίκου
1601 829 1795 884 πολλοὶ

121 908 268 964 πάνυ
295 915 411 964 τῶν
430 908 732 980 παρόντων
749 908 1108 974 ἀπεδέξαντο·
1147 906 1283 980 μετὰ
1313 912 1372 965 δὲ
1390 908 1491 965 τὸν
1507 909 1793 980 Πρόδικον

122 997 316 1056 Ιππίας
335 990 365 1048 ὁ
384 989 559 1062 σοφὸς
577 990 728 1047 εἶπεν
741 1034 756 1062 ,
769 986 835 1046 Ὦ
854 990 1070 1062 ἄνδρες,
1090 994 1215 1062 ἔφη,
1237 994 1294 1047 οἱ
1311 990 1598 1061 παρόντες,
1621 988 1795 1064 ἡγοῦ-

120 1096 214 1146 μαι
237 1075 345 1145 ἐγώ
364 1073 509 1146 ὑμᾶς
528 1087 811 1145 συγγενεῖς
826 1097 882 1130 τε
902 1076 992 1130 καὶ
1009 1077 1247 1139 οἰκείους
1264 1077 1355 1129 καὶ
1373 1079 1596 1138 πολίτας
1616 1073 1798 1130 ἅπαν-

121 1178 212 1220 τας
231 1155 371 1212 εἶναι
391 1156 583 1228 φύσει,
608 1156 677 1212 ού
695 1157 850 1230 νόμω
867 1179 877 1188 ·
917 1155 977 1212 τὸ
999 1154 1108 1226 γὰρ
1125 1155 1322 1227 ὅμοιον
1339 1163 1418 1230 τῷ
1435 1153 1606 1229 ὁμοίω
1627 1157 1795 1227 φύσει
1821 1174 1857 1214 D

122 1243 382 1312 συγγενές
400 1245 566 1311 ἐστιν,
588 1239 617 1297 ὁ
638 1245 697 1297 δὲ
717 1243 903 1313 νόμος,
921 1241 1200 1311 τύραννος
1220 1236 1301 1296 οόν
1318 1246 1432 1296 τῶν
1451 1237 1793 1312 ἀνθρώπων,

116 1322 293 1379 πολλὰ
323 1323 474 1393 παρὰ
505 1323 607 1396 τὴν
637 1324 812 1395 φύσιν
839 1324 1093 1396 βιάζεται.
1144 1321 1287 1394 ἡμᾶς
1317 1315 1422 1378 οὖν
1442 1321 1671 1393 αἰσχρὸν
1689 1322 1795 1394 τήν

114 1405 215 1476 μὲν
235 1406 411 1475 φύσιν
431 1411 544 1461 τῶν
563 1406 904 1477 πραγμάτων
928 1408 1148 1475 εἰδέναι,
1171 1405 1529 1475 σοφωτάτους
1549 1405 1608 1461 δὲ
1627 1403 1793 1470 ὄντας

113 1492 227 1542 τῶν
252 1485 559 1558 Ἑλλήνων,
599 1490 690 1543 καὶ
723 1486 836 1543 κατ’
859 1485 994 1543 αὐτὸ
1018 1494 1180 1542 τοῦτο
1211 1492 1319 1541 νῦν
1339 1485 1790 1556 συνεληλυθότας

117 1573 213 1638 τῆς
241 1590 296 1623 τε
327 1566 592 1634 Ἑλλάδος
621 1574 696 1635 εἰς
725 1567 860 1624 αὐτὸ
891 1566 954 1624 τὸ
987 1580 1324 1637 πρυτανεῖον
1350 1573 1446 1639 τῆς
1475 1573 1674 1638 σοφίας
1698 1569 1790 1623 καὶ

119 1646 291 1719 αὐτῆς
312 1655 408 1721 τῆς
427 1651 639 1716 πόλεως
658 1656 734 1716 εἰς
751 1648 850 1706 τὸν
885 1653 1146 1721 μέγιστον
1165 1652 1256 1705 καὶ
1274 1647 1613 1720 ὀλβιώτατον
1634 1647 1792 1705 οἷκον

113 1730 277 1787 τόνδε
289 1773 304 1801 ,
335 1734 510 1803 μηδὲν
532 1732 735 1788 τούτου
753 1739 855 1788 τοῦ
872 1731 1177 1803 ἀξιώματος
1196 1730 1352 1797 ἄξιον
1369 1728 1789 1803 ἀποφήνασθαι,

113 1810 229 1868 ἀλλ’
250 1811 435 1882 ὥσπερ
464 1813 595 1879 τοὺς
621 1813 1006 1885 φαυλοτάτους
1035 1820 1148 1868 τῶν
1179 1811 1507 1882 ἀνθρώπων
1526 1814 1788 1885 διαφέρε-
1815 1826 1849 1867 Ε

112 1900 249 1949 σθαι
266 1891 538 1966 α’λλήλοις.
588 1897 696 1967 ἐγω
716 1897 818 1967 μὲν
836 1889 944 1952 οὖν
961 1897 1054 1951 καὶ
1079 1895 1270 1965 δέομαι
1288 1897 1376 1951 καὶ
1398 1895 1786 1966 συμβουλεύω,

111 1967 159 2031 ὦ
179 1978 524 2049 Πρωταγόρα
553 2001 611 2035 τε
640 1980 732 2035 καὶ
752 1979 1075 2049 Σώκρατες,
1114 1983 1394 2050 συμβῆναι
1422 1975 1566 2048 ὑμᾶς
1598 1975 1785 2047 ὥσπερ

112 2054 223 2112 ὑπὸ
255 2061 550 2130 διαιτητῶν
574 2058 736 2131 ἡμῶν
777 2058 1231 2131 συμβιβαζόντων
1268 2064 1343 2124 είς
1369 2057 1429 2115 τὸ
1462 2062 1660 2131 μέσον,
1695 2064 1787 2115 καὶ

112 2138 248 2210 μήτε
275 2141 335 2196 σὲ
362 2139 424 2196 τὸ
454 2138 675 2214 ἀκριβὲς
703 2148 867 2198 τοῦτο
896 2139 1039 2206 εἶδος
1066 2148 1181 2197 τῶν
1213 2141 1491 2212 διαλόγων
1519 2146 1696 2214 ζητεῖν
1725 2140 1785 2196 τὸ
1814 2157 1907 2203 338

113 2220 250 2276 κατὰ
286 2221 467 2294 βραχὺ
501 2229 653 2295 λίαν,
694 2229 745 2280 εἰ
779 2222 853 2295 μὴ
882 2221 992 2294 ἡδύ
1019 2221 1392 2297 Πρωταγόρᾳ,
1430 2220 1542 2279 ἄλλ’
1574 2225 1788 2293 ἐφεῖναι

111 2305 203 2359 καὶ
227 2304 458 2374 χαλάσαι
477 2302 574 2370 τὰς
590 2303 751 2376 ἡνίας
768 2317 881 2369 τοῖς
909 2304 1118 2374 λόγοις,
1155 2308 1247 2360 ἵνα
1276 2308 1786 2375 μεγαλοπρεπέστε-

111 2409 200 2457 ροι
219 2390 310 2444 καὶ
332 2386 818 2460 εὐσχημονέστεροι
853 2387 985 2458 ὑμῖν
1005 2393 1339 2459 φαίνωνται,
1378 2385 1507 2459 μήτ’
1528 2381 1602 2443 αὖ
1619 2394 1787 2457 Πρω-

107 2470 352 2542 ταγόραν
379 2471 560 2526 πάντα
590 2472 781 2527 κάλων
800 2474 1143 2542 ἐκτείναντα,
1180 2469 1345 2544 ούρίᾳ
1373 2473 1602 2541 ἐφέντα,
1643 2469 1785 2540 φεύ-

111 2574 233 2623 γειν
253 2559 328 2619 εἰς
345 2555 406 2610 τὸ
428 2557 663 2623 πέλαγος
681 2559 795 2608 τῶν
825 2552 1034 2623 λόγων,
1075 2551 1477 2624 ἀποκρύψαντα
1511 2558 1644 2623 γῆν,
1684 2549 1786 2607 ἆλ-

112 2633 364 2705 λάμέσον
374 2658 424 2691 τι
437 2633 786 2706 ἀμφοτέρους
803 2647 998 2706 τεμεῖν.
1042 2631 1115 2699 ὥς
1128 2628 1234 2690 οὖν
1254 2634 1504 2704 ποιήσετε
1518 2675 1532 2703 ,
1555 2633 1645 2688 καὶ
1666 2637 1786 2688 πεί-

109 2720 292 2773 θεσθέ
298 2739 390 2788 μοι
400 2720 715 2789 ῥαβδοῦχον
734 2720 824 2773 καὶ
838 2716 1131 2788 ἐπιστάτην
1149 2718 1240 2773 καὶ
1256 2716 1531 2785 πρύτανιν
1543 2716 1784 2785 ἑλέσθαι,

106 2795 168 2863 ὃς
188 2795 321 2870 ὑμῖν
350 2801 581 2870 φυλάξει
608 2799 669 2855 τό
700 2803 923 2871 μέτριον
951 2806 1123 2872 μῆκος
1149 2807 1264 2856 τῶν
1290 2798 1475 2869 λόγων
1505 2798 1781 2864 ἑκατέρου.
1816 2808 1847 2848 Β
