1994 3100
168 108 201 158 6
371 172 379 174 ἡ
780 105 1252 154 ΠΛΑΤΩΝΟΣ

170 241 426 312 σώματος
445 247 626 306 καλῶς
644 245 804 312 ἔχειν.
861 239 1282 310 θεραπεύεσθαι
1310 243 1370 297 δὲ
1389 242 1493 313 τὴν
1521 239 1707 313 ψυχὴν
1724 245 1848 313 ἔφη,

171 316 215 377 ὦ
233 324 494 393 μακάριε,
529 325 760 396 ἐπῳδαῖς
782 327 914 376 τισί·
949 319 1046 385 τὰς
1068 318 1118 376 δ’
1145 321 1359 395 ἐπῳδάς
1378 324 1579 389 ταύτας
1599 324 1729 390 τοὺς
1752 325 1832 380 λό·
1896 332 1902 338 “
1982 304 1990 450 1

170 427 304 475 γους
325 404 465 460 εἶναι
484 403 613 469 τοὺς
633 402 861 466 καλούς·
885 404 945 456 ἐκ
966 403 1024 459 δὲ
1039 410 1152 458 τῶν
1167 403 1438 459 τοιούτων
1458 405 1640 477 λόγων
1659 408 1720 461 ἐν
1735 418 1850 471 ταῖς

170 499 367 559 ψυχαῖς
409 486 784 557 σωφροσύνην
823 487 1204 557 ἐγγίγνεσθαι,
1260 480 1326 558 ἧς
1361 490 1722 559 ἐγγενομένης
1759 490 1849 544 καὶ

170 572 454 642 παρούσης
474 570 672 642 ῥᾴδιον
686 568 793 640 ἤδη
816 566 955 622 εἶναι
969 566 1071 639 τὴν
1088 567 1308 640 ὑγίειαν
1328 571 1418 625 καὶ
1437 577 1503 642 τῇ
1524 577 1739 643 κεφαλῇ
1757 573 1847 626 καὶ

110 666 144 706 Β
171 660 247 727 τῷ
267 652 414 726 ἄλλῳ
437 653 648 724 σώματι
667 655 923 720 πορίζειν.
966 651 1248 707 διδάσκων
1266 645 1372 707 οὖν
1390 675 1456 723 με
1475 653 1537 709 τό
1550 675 1606 708 τε
1624 654 1846 725 φάρμα-

169 757 273 790 κον
293 736 500 800 καὶτὰς
520 733 760 810 ἐπῳδάς,
794 732 945 799 ὅπως
958 777 972 803 ,
993 738 1098 805 ἔφη
1113 776 1127 803 ,
1155 740 1230 808 τῷ
1253 734 1525 808 φαρμάκῳ
1545 735 1722 808 τούτῳ
1742 758 1849 807 μη-

170 822 281 884 δείς
311 836 372 874 σε
402 824 562 890 πείσῃ
589 816 693 889 τὴν
725 815 900 872 αὑτοῦ
931 816 1183 888 κεφαλὴν
1200 817 1564 886 θεραπεύειν,
1603 815 1664 882 ὃς
1682 815 1754 874 ἂν
1771 817 1844 890 μὴ

167 900 272 972 τὴν
291 900 475 973 ψυχὴν
494 909 716 971 πρῶτον
737 900 988 973 παράσχῃ
1009 906 1077 972 τῇ
1094 902 1282 972 ἐπῳδῇ
1301 896 1407 953 ὑπὸ
1441 906 1544 954 σοῦ
1563 908 1843 969 θεραπευ·

166 991 355 1055 θῆναι.
413 983 630 1056 καὶγὰρ
651 990 784 1054 νῦν,
825 988 958 1055 ἔφη,
998 978 1153 1038 τοῦτ’
1172 986 1284 1037 ἔστι
1314 979 1375 1036 τὸ
1408 980 1703 1054 ἁμάρτημα
1722 987 1845 1055 περὶ

167 1064 299 1131 τούς
334 1065 705 1140 ἀνθρώπους,
744 1065 830 1122 ὅτι
866 1069 1029 1138 χωρὶς
1059 1066 1347 1134 ἑκατέρου,
1386 1065 1756 1138 σωφροσύνης
1790 1089 1848 1123 τε

168 1150 260 1204 καὶ
280 1147 513 1220 ὑγιείας,
554 1154 736 1221 ἰατροί
747 1172 892 1215 τινες
920 1152 1286 1219 ἐπιχειροῦσιν
1306 1146 1446 1202 εἶναι
1460 1169 1470 1179 ·
1518 1155 1612 1203 καί
1628 1169 1720 1218 μοι
1739 1149 1849 1204 πά·-

171 1254 243 1287 νυ
266 1233 486 1304 σφόδρα
516 1235 822 1289 ἐνετέλλετο
855 1231 988 1303 μήτε
1021 1231 1292 1287 πλούσιον
1313 1229 1460 1286 οὕτω
1482 1234 1690 1302 μηδένα
1711 1231 1846 1288 εἶναι

113 1330 144 1371 C
170 1315 304 1385 μήτε
333 1327 594 1386 γενναῖον
630 1315 764 1387 μήτε
802 1315 1004 1384 καλόν,
1046 1311 1107 1378 ὃς
1136 1313 1227 1385 ἐμὲ
1256 1318 1429 1368 πείσει
1458 1312 1635 1380 ἄλλως
1654 1327 1847 1371 ποιεῖν.

171 1396 278 1466 ἐγώ
301 1391 406 1453 οὖν
422 1432 495 1441 --
524 1395 714 1468 ὤμοσα
741 1395 847 1467 γάρ
869 1394 1019 1469 αὐτῷ
1034 1438 1048 1466 ,
1087 1401 1181 1450 καί
1207 1417 1300 1466 μοι
1321 1394 1532 1467 ἀνάγκη
1553 1404 1850 1454 πείθεσθαι

170 1513 238 1522 —-
267 1486 523 1551 πείσομαι
553 1474 687 1550 οὖν,
732 1481 823 1535 καὶ
853 1486 968 1548 σοί,
1008 1478 1106 1534 ἐὰν
1134 1479 1236 1549 μὲν
1263 1479 1441 1552 βούλῃ
1469 1478 1605 1536 κατὰ
1634 1479 1730 1546 τὰς
1748 1488 1849 1537 τοῦ

169 1565 331 1628 ξένου
351 1562 574 1628 ε’ντολας
601 1560 704 1634 τὴν
734 1559 919 1633 ψυχὴν
947 1582 1169 1632 πρωτον
1198 1573 1496 1633 παρασχεῖν
1514 1565 1713 1636 ἐπᾷσαι
1734 1576 1849 1628 ταῖς

168 1651 273 1700 τοῦ
301 1643 522 1718 Θρακὸς
550 1648 811 1718 ἐπῳδαις,
851 1650 1131 1714 προσοίσω
1163 1642 1223 1700 τὸ
1261 1644 1556 1716 φάρμακον
1581 1651 1647 1717 τῇ
1674 1668 1848 1716 κεφα-

168 1734 262 1800 λῇ·
308 1733 359 1784 εἰ
389 1730 448 1785 δε
477 1728 579 1800 μή,
621 1728 723 1783 οὐκ
745 1751 815 1782 αν
842 1733 1060 1798 ὲχοιμεν
1089 1725 1123 1782 ὅ
1151 1750 1201 1782 τι
1231 1730 1482 1798 ποιοιμέν
1502 1745 1616 1798 σοι,
1658 1751 1699 1783 ω
1721 1733 1864 1798 φίλε

167 1814 436 1882 Χαρμίδη.

309 1899 394 1950 VI.
468 1891 730 1958 Ἀκούσας
766 1888 871 1949 οὖν
907 1915 1016 1964 μου
1055 1891 1082 1948 ὁ
1125 1897 1351 1963 Κριτίας
1382 1889 1539 1945 ταῦτ’
1578 1891 1849 1963 εἰπόντος,

153 1973 447 2046 Ἕρμαιον,
504 1981 637 2047 ἔφη,
714 1970 757 2031 ὦ
796 1976 1117 2045 Σώκρατες,
1171 1973 1400 2047 γεγονὸς
1445 1969 1517 2029 ἄν
1558 1981 1639 2044 εἴη
1676 1972 1710 2044 ἡ
1756 1981 1850 2045 τῆς

168 2065 413 2130 κεφαλῆς
431 2057 695 2114 ἀσθένεια
725 2066 801 2133 τῷ
821 2064 1127 2132 νεανίσκω,
1168 2063 1217 2114 εί
1245 2056 1731 2128 ἀναγκασθήσεται
1758 2058 1848 2112 καὶ

81 2159 116 2201 D
173 2165 276 2214 την
306 2142 557 2198 διάνοιαν
589 2140 678 2197 διὰ
708 2139 810 2212 τὴν
840 2141 1088 2213 κεφαλὴν
1117 2147 1348 2214 βελτίων
1377 2142 1654 2212 γενέσθαι.
1708 2143 1847 2212 λέγω

169 2228 357 2296 μέντοι
393 2243 507 2296 σοι,
547 2225 632 2282 ὅτι
662 2230 946 2297 Χαρμίδης
975 2232 1089 2280 τῶν
1126 2223 1435 2296 ἡλικιωτῶν
1473 2221 1542 2278 οὐ
1571 2224 1746 2294 μόνον
1781 2231 1849 2295 τῇ

169 2312 286 2381 ἰδέᾳ
307 2309 484 2365 ἐδόκει
506 2312 818 2379 διαφέρειν,
860 2306 997 2364 ἀλλὰ
1017 2310 1107 2363 καὶ
1129 2305 1283 2382 αὐτῷ
1308 2306 1486 2380 τούτῳ
1501 2349 1515 2375 ,
1557 2300 1627 2360 οὗ
1646 2304 1715 2361 σὺ
1737 2303 1847 2378 φῂς

166 2390 270 2462 τὴν
287 2392 510 2465 ἐπῳδὴν
530 2397 695 2462 ἔχειν·
737 2390 844 2464 φῂς
865 2392 923 2448 δὲ
943 2390 1340 2494 σωφροσύνης’
1372 2384 1410 2460 ἧ
1425 2389 1558 2459 γάρ;
1579 2386 1743 2443 Πάνυ
1761 2409 1842 2457 γε,

165 2468 240 2545 ἦν
260 2472 311 2528 δ’
347 2474 471 2544 ἐγώ.
518 2467 605 2529 Εὖ
624 2479 815 2528 τοίνυν
835 2481 982 2544 ἴσθι,
1016 2478 1153 2544 ἔφη,
1187 2471 1271 2528 ὅτι
1290 2479 1547 2528 πλεῖστον
1566 2475 1720 2527 δοκεῖ
1735 2488 1844 2525 σω-

168 2557 542 2628 φρονέστατος
562 2555 701 2611 εἶναι
720 2578 832 2611 των
852 2562 1008 2626 νυνί,
1049 2557 1141 2611 καὶ
1168 2549 1338 2611 ταλλα
1367 2554 1571 2621 πάντα,
1614 2558 1689 2618 εἰς
1707 2551 1843 2608 ὅσον

166 2638 422 2710 ἡλικιηας
396 2638 535 2710 η’κει,
559 2637 792 2703 οὐδενὸς
810 2646 1010 2710 χείρων
1030 2638 1123 2694 ω’ν.
1162 2639 1272 2693 Καὶ
1289 2637 1415 2707 γάρ,
1436 2630 1507 2706 ἦν
1529 2634 1582 2691 δ’
1603 2636 1726 2706 ἐγώ,
1749 2637 1840 2691 καὶ

167 2726 412 2792 δίκαιον,
453 2745 495 2777 ω
516 2726 798 2793 Χαρμίδη,
836 2725 1121 2793 διαφέρειν
1141 2738 1201 2776 σε
1229 2725 1341 2774 τῶν
1369 2717 1555 2773 άλλων
1576 2736 1711 2772 πασι
1728 2728 1842 2782 τοῖς

79 2823 110 2862 Ε
166 2804 435 2869 τοιούτοις
452 2823 462 2834 ”
497 2802 564 2859 οὐ
584 2803 692 2876 γὰρ
714 2804 862 2875 οἶμαι
882 2803 1054 2860 ἄλλον
1071 2801 1271 2859 οὐδένα
1289 2800 1620 2857 τῶνένθάδε
1637 2802 1840 2875 ῥᾳδίως
