1994 3100
218 150 307 179 xxu
909 138 1296 179 PRAEFATIO.

216 258 372 298 rantur,
400 262 483 290 non
515 251 699 303 oppositi
729 250 806 290 sed
837 251 1050 302 conjuncti
1079 257 1125 290 ut
1156 250 1282 304 Gorg.
1316 264 1352 291 c.
1382 248 1452 293 64.
1473 273 1532 283 —-
1558 252 1604 294 P.
1637 248 1694 291 92
1725 249 1757 291 C
1786 243 1885 289 οἷοί
1908 243 1960 290 εἰς

216 307 352 349 Herm.
387 320 440 348 ex
475 309 584 359 conj.
615 306 765 347 Wolfii
794 313 834 347 et
864 308 956 347 cod.
991 306 1118 347 Coisl.
1151 319 1227 360 pro
1257 304 1311 347 οῖ’
1342 302 1452 357 εἰσι,
1491 321 1573 360 quo
1606 320 1809 360 personas
1837 313 1994 355 tantu.-⁴

218 377 264 405 se
304 377 430 405 nosse
471 365 637 417 Anytus
675 364 953 417 significan-en
990 370 1133 404 nostro
1174 364 1316 405 favent
1360 367 1486 406 etiam
1524 365 1707 418 Euthyd.
1750 376 1794 418 p.
1836 363 1922 406 306
1960 369 1993 385 ¹

216 421 383 462 Menex.
416 434 458 474 p.
490 419 575 463 249
597 422 650 471 D,
683 422 807 473 Hipp.
841 422 942 473 maj.
974 433 1014 474 p.
1039 420 1124 463 301
1145 422 1179 461 E
1210 428 1287 462 etc.
1317 443 1378 453 —
1401 423 1449 464 P.
1475 419 1530 464 95
1551 423 1583 462 B
1608 420 1656 461 τί
1684 419 1764 461 δαὶ
1792 414 1851 473 δὴ
1876 422 1976 467 ite..

218 491 298 530 que
327 490 370 531 p.
404 476 461 519 98
487 478 519 518 B
548 476 598 517 τί
625 474 705 518 δαὶ
737 478 768 519 Ο
797 483 835 518 et
859 478 916 528 B,
947 477 993 517 τί
1023 473 1074 519 δὲ
1104 474 1163 530 δὴ
1197 485 1237 519 et
1265 475 1314 517 τί
1341 470 1400 530 δὴ
1431 477 1550 522 VST.
1578 500 1637 510 ·—-
1666 479 1710 522 P.
1742 476 1799 521 98
1827 479 1860 518 Ε
1890 471 1963 530 ὀμ

218 535 441 588 λογοῦμεν
473 534 528 587 Ο,
561 529 883 587 ὡμολογοῦμεν
912 535 1078 583 VBST;
1111 544 1152 576 at
1183 536 1219 576 si
1245 535 1472 588 praeterito
1506 543 1692 589 tempore
1730 547 1837 588 opus
1871 518 1994 575 esse>¹

219 593 335 635 Plato
367 600 414 632 ut
443 591 571 645 paulo
600 597 697 633 ante
724 593 959 646 perfectum
988 594 1130 661 potius
1161 599 1423 647 usurpasset.
1448 614 1509 626 -
1535 595 1581 634 P.
1616 590 1672 635 99
1702 593 1740 632 A
1769 585 1934 645 ἐπιστή
1961 598 1963 616 ³
1990 578 1994 618 3

219 645 277 702 δὴ
309 643 590 704 ἐπιγίγνεται
622 649 653 690 O
686 657 727 691 et
752 650 806 703 V,
839 642 1068 703 ἐπιστημη
1101 643 1159 702 δὴ
1199 643 1265 689 ἔτι
1294 648 1413 702 γίγν.
1443 649 1562 703 BST,
1605 662 1842 702 quanquam
1871 649 1985 690 iide'

219 721 319 749 mox
340 721 382 762 p.
405 705 461 750 99
482 707 514 747 B
541 707 608 747 vel
637 708 884 748 mutandum
911 709 1215 748 nominativum
1237 699 1466 759 ἐπιστήμη
1488 708 1528 747 in
1562 707 1750 747 dativum
1780 706 1983 748 intellexn

218 773 328 806 runt.
360 764 570 806 Nimirum
601 759 664 804 δι’
689 756 947 817 ἐπιστήμην
975 766 1075 805 boni
1107 767 1204 804 sunt
1234 764 1453 818 homines,
1486 772 1525 804 et
1555 753 1590 819 ᾧ
1614 756 1869 815 ἅνθρωπος
1896 755 1994 818 ἡγ.Ι

221 816 320 862 ιιοόν
350 815 473 862 ἐστιν
504 816 581 862 ε’πὶ
611 815 662 861 τὸ
695 814 867 875 ὀρθ-όν,
911 828 981 862 aut
1013 814 1129 871 δόξα
1160 815 1347 874 ἀληθὴς
1376 828 1439 862 est
1468 829 1539 861 aut
1568 814 1821 873 ἐπιστήμης
1847 820 1978 862 ham·

222 879 349 934 figitur
377 881 436 921 ibi
467 892 658 931 quoque,
700 881 773 919 ubi
804 881 967 920 virtutis
1000 880 1117 933 origo
1151 880 1421 927 describitur,
1463 879 1649 918 dativum
1681 884 1975 933 exspectamu

219 950 296 978 nec
328 929 650 989 ἐπιγίγνεσθαι
681 938 829 977 mutari
861 949 966 989 opus
1005 946 1090 986 est,
1133 937 1246 987 quod
1278 937 1426 977 eodem
1457 936 1581 976 modo
1614 942 1841 990 usurpatur
1869 935 1949 988 Hip
1993 940 1994 956 ¹

220 995 319 1047 maj.
352 1006 398 1048 p.
430 991 517 1035 303
548 995 598 1034 A.
630 1016 689 1024 —
718 995 766 1034 P.
801 991 856 1035 99
890 994 920 1034 C
951 987 1078 1033 πάνυ
1115 1004 1163 1045 γε
1194 994 1383 1034 Menonis
1413 1005 1665 1046 responsum
1692 1007 1718 1034 a
1746 993 1845 1035 Tur.
1878 998 1951 1045 typ
1978 1038 1982 1042 .

219 1052 333 1092 theta
364 1052 567 1092 omissum
595 1052 781 1105 restitui,
812 1063 995 1103 moxque
1027 1043 1185 1102 ὀρθῶς
1215 1042 1287 1102 ἄρ’
1317 1039 1377 1090 ἂν
1408 1064 1445 1093 c.
1468 1049 1611 1090 Stallb.
1638 1051 1788 1104 scripsi
1811 1062 1865 1090 ex
1886 1049 1981 1129 Flo's

218 1122 250 1149 x
277 1109 494 1163 vestigiis,
527 1109 599 1160 qui
628 1101 786 1160 ὀρθῶς
817 1101 908 1160 ἄρα
939 1108 1122 1149 exhibet.
1175 1107 1302 1162 Vulg.
1336 1100 1493 1161 ὀρθῶς
1523 1098 1596 1160 ἄν,
1629 1109 1751 1172 quod,
1767 1107 1866 1147 Tur.
1897 1119 1985 1168 qu

249 1178 303 1206 ue
331 1167 615 1213 retinuerunt,
655 1178 850 1206 mancum
881 1172 1021 1207 autem
1053 1178 1146 1206 esse
1172 1166 1261 1218 jam
1291 1165 1420 1206 Bekk.
1454 1165 1693 1219 intelligens
1723 1161 1881 1216 ορθῑός

219 1180 280 1263 ἓν
304 1223 489 1276 scripsit;
523 1224 578 1263 ad
608 1235 780 1263 sensum
809 1230 943 1273 recte,
977 1224 1054 1263 sed
1082 1229 1270 1263 nostrum
1302 1222 1560 1276 corruptelae
1589 1223 1797 1276 originem
1829 1198 1985 1277 facili!

221 1294 274 1323 ex
306 1281 416 1321 licat.

276 1294 302 1334 p
335 1337 459 1390 Hipp.
489 1337 591 1390 maj.
619 1350 661 1390 p.
687 1336 768 1379 281
802 1338 834 1378 Β
865 1332 930 1384 εἰς
952 1335 1282 1389 Λακεδαίμονα
1311 1333 1376 1389 Ξ,
1409 1331 1475 1383 εἰς
1506 1329 1593 1389 τὴν
1619 1337 1736 1379 Λακ.
1761 1335 1926 1385 VBST;
1978 1327 1981 1333 ’

221 1395 442 1436 articulum
470 1396 631 1447 passim
661 1395 703 1434 in
734 1395 854 1436 libris
884 1401 1050 1449 praeter
1078 1396 1371 1436 necessitatem
1402 1395 1529 1434 inseri
1560 1407 1658 1434 mox
1690 1395 1815 1434 etiarn
1845 1406 1890 1446 p.
1941 1396 1956 1428 -ἕ

220 1452 254 1492 D
285 1452 579 1506 intelligimus,
611 1452 684 1492 ubi
712 1460 823 1493 recte
850 1453 940 1506 jam
964 1452 1094 1492 Bekk.
1118 1465 1214 1493 eum
1242 1458 1384 1493 nostro
1407 1444 1630 1503 ὑμετέραν
1660 1448 1753 1491 τῶν
1780 1463 1856 1504 pro
1882 1440 1958 1492 vull

221 1503 443 1562 ὑμετέραν
471 1502 558 1561 τὴν
589 1507 681 1548 τῶν
712 1511 857 1550 edidit.
887 1532 943 1539 —
972 1510 1018 1552 P.
1042 1507 1127 1551 282
1148 1509 1182 1549 D
1214 1505 1293 1549 καὶ
1324 1515 1419 1549 ante
1449 1503 1566 1548 πολὺ
1597 1514 1766 1549 auctore
1795 1508 1963 1549 Buttm.
1989 1544 1991 1549 .

223 1567 364 1607 Turic.
398 1568 600 1607 omissum
631 1580 725 1607 cum
762 1567 957 1608 cancellis
996 1568 1182 1616 restitui,
1220 1579 1303 1607 non
1345 1580 1426 1618 quo
1466 1567 1609 1619 ipsum
1638 1567 1883 1620 probarem,
1925 1577 1945 1605 s

221 1626 322 1676 qula
351 1623 532 1664 fortasse
563 1623 672 1664 alius
711 1625 904 1665 lectionis
944 1631 988 1665 ut
1020 1622 1185 1677 καίπερ
1225 1624 1268 1664 ἰῐι
1308 1637 1357 1664 eo
1387 1625 1570 1677 vestigia
1606 1623 1756 1671 latent3
1799 1635 1870 1663 eos
1903 1635 1953 1663 ve
1980 1638 1981 1645 ¹

223 1681 456 1730 cancellos,
487 1682 639 1733 quibus
670 1694 713 1735 p.
741 1679 826 1723 283
855 1685 892 1722 A
919 1683 1102 1736 primum
1129 1681 1346 1723 Heindorf.
1378 1673 1704 1733 Ἀναξαγόρου,
1735 1693 1836 1721 mox
1866 1679 1988 1720 Beke'·

224 1734 332 1790 περὶ
367 1731 692 1791 Ἀναξαγόρου,
722 1745 935 1793 postremo
970 1739 1115 1780 Stallb.
1150 1745 1189 1780 et
1216 1740 1315 1779 Tur.
1346 1734 1454 1790 περὶ
1481 1733 1624 1788 Ἄναξ.
1662 1735 1836 1790 λέγεται
1867 1736 1977 1778 secl·

222 1801 388 1847 serunt,
432 1797 473 1835 in
511 1797 605 1849 ipsa
638 1795 718 1836 hac
747 1797 995 1838 emendandi
1027 1796 1301 1849 ambiguitate
1332 1797 1520 1837 omittere
1551 1795 1684 1836 satius
1715 1795 1839 1843 duxi3
1872 1806 1956 1850 qua
1986 1785 1994 1829 l

223 1865 348 1904 quam
380 1853 621 1905 neutiquam
648 1866 908 1907 repugnem,
932 1855 969 1893 si
998 1854 1092 1905 quis
1116 1866 1211 1893 cum
1236 1851 1502 1907 Sydenhamo
1533 1847 1639 1905 πέρι
1664 1865 1739 1906 pro
1772 1847 1878 1903 περὶ
1901 1863 1961 1891 sc·
1984 1890 1985 1893 ,

224 1913 321 1950 bere
351 1910 491 1959 malit,
523 1916 569 1951 ut
600 1910 726 1964 Gorg.
755 1923 793 1953 c.
827 1908 907 1954 74:
948 1909 1099 1950 καίτοι
1130 1903 1267 1962 ἔγωγε
1297 1902 1499 1962 ἀνόητον
1531 1908 1721 1963 πρᾶγμα
1747 1940 1756 1950 .
1776 1939 1787 1949 .
1809 1939 1818 1949 .
1846 1902 1932 1948 α’κο
1973 1941 1982 1952 .

222 1966 313 2007 τῶν
346 1965 556 2007 παλαιῶν
586 1960 773 2020 ἀνδρῶν
804 1966 933 2021 πέριε
974 1969 1251 2021 Anaxagorae
1289 1974 1429 2008 tamen
1469 1980 1618 2008 nomen
1659 1966 1726 2009 vel
1763 1967 1826 2006 sic
1861 1966 1984 2017 locu:

222 2037 345 2064 suum
374 2025 552 2066 retinere
580 2027 745 2078 poterit.
775 2048 835 2058 —-
859 2029 905 2067 P.
935 2022 1021 2067 283
1046 2025 1077 2066 C
1108 2018 1305 2078 πότερον
1332 2031 1428 2065 ante
1457 2019 1487 2077 ἡ
1520 2023 1664 2078 σοφία
1695 2037 1786 2064 cum
1816 2021 1863 2068 Ξ
1885 2023 1939 2064 ali
1954 2067 1982 2080 ¹,

222 2095 304 2133 que
334 2082 453 2132 libris
485 2083 676 2122 omittere
704 2096 789 2123 non
822 2084 1034 2131 dubitavi3
1076 2096 1175 2124 mox
1216 2089 1357 2123 autem
1388 2072 1418 2135 ἢ
1451 2089 1547 2123 ante
1585 2080 1719 2122 τοῦτο
1757 2079 1916 2133 φῶμεν
1956 2092 1978 2103 ··

221 2138 287 2179 ST
318 2139 362 2179 in
392 2132 421 2189 ἡ
450 2145 653 2180 mutatum
691 2141 909 2195 revocavi,
948 2141 1046 2191 quia
1081 2140 1287 2180 contraria
1325 2140 1588 2181 antecedenti
1616 2140 1887 2192 interrogatio
1917 2147 1960 2178 ez*

223 2209 332 2248 quae
373 2209 501 2247 quum
541 2198 784 2251 negativum
823 2210 1071 2251 responsum
1110 2204 1356 2250 exspectare
1391 2197 1564 2250 jubeat,
1610 2195 1828 2237 Socrates:
1871 2209 1926 2236 an
1952 2203 1955 2250 l
1984 2219 1987 2221 -

221 2257 373 2304 ipsum,
405 2254 564 2305 inquit,
593 2254 670 2296 hoc
697 2256 923 2296 concedere
952 2255 1163 2296 dieamus?
1197 2276 1258 2285 —-
1294 2255 1340 2295 P.
1367 2252 1453 2296 284
1485 2255 1516 2296 C
1545 2251 1765 2294 παιδείαν
1795 2250 1861 2306 Ξ,
1894 2263 1982 2299 ·π;

224 2308 380 2350 δευσιν
410 2309 569 2361 VBST,
602 2313 715 2364 quod
744 2320 905 2354 mature
935 2319 1139 2353 mutatum
1171 2324 1264 2352 esse
1287 2312 1454 2353 videtur
1484 2319 1655 2366 propter
1684 2322 1865 2361 sequens
1894 2304 1958 2348 π·’

224 2362 398 2409 δεύσειε
443 2374 485 2408 at
517 2368 600 2410 hoc
630 2377 792 2423 spectat
828 2372 883 2411 ad
920 2371 1096 2411 verbum
1127 2362 1392 2422 παιδεύειν,
1435 2371 1503 2410 cui
1535 2369 1664 2409 multo
1695 2367 1977 2421 significans-

223 2422 416 2465 παιδεία
447 2425 706 2480 adjungitur.
756 2429 830 2468 Est
861 2429 972 2468 enim
998 2433 1087 2467 tota
1118 2427 1336 2468 erudiendi
1359 2427 1488 2476 ratio,
1520 2440 1602 2467 non
1625 2424 1761 2466 solum
1791 2425 1927 2477 actio,
1953 2453 1983 2485 ¹²

225 2479 489 2530 παίδευσις,
514 2495 592 2524 nec
623 2485 735 2535 quod
754 2498 795 2538 p.
827 2483 911 2527 285
938 2486 974 2525 A
999 2481 1242 2531 παίδευσις
1271 2484 1439 2538 legitur,
1471 2490 1660 2524 nostrum
1687 2483 1826 2523 locum
1849 2481 1976 2521 affic

222 2539 310 2580 illic
341 2541 452 2580 enim
482 2540 681 2607 Hippiae,
712 2554 822 2582 nunc
841 2543 979 2595 patria
1009 2543 1438 2583 Lacedaemoniorum
1469 2541 1661 2581 educatio
1688 2545 1912 2593 spectatur.
1953 2550 1975 2599 ξ.

224 2599 270 2638 Ρ.
302 2596 387 2640 285
415 2597 448 2636 D
485 2590 598 2637 ἄλλα
636 2597 742 2638 τίνα
770 2597 817 2643 Ξ
852 2606 891 2639 et
925 2600 980 2651 V,
1010 2591 1124 2638 οἷλλὰ
1153 2597 1204 2639 τί
1234 2598 1358 2644 BST,
1402 2598 1517 2649 quod
1546 2599 1672 2639 scribi
1701 2597 1891 2650 potuisse
1919 2607 1947 2635 n

224 2667 355 2708 nego,
387 2655 539 2695 melius
564 2662 705 2696 tamen
736 2657 889 2708 scribi,
919 2657 993 2696 ubi
1025 2656 1286 2709 singularum
1310 2667 1449 2695 rerum
1474 2655 1729 2696 enumeratio
1758 2653 1934 2705 requirit
1980 2695 1982 2697 ,

223 2713 297 2752 vix
327 2713 518 2753 arbitror.
545 2734 605 2744 -
632 2715 679 2753 P.
711 2710 797 2753 286
819 2714 858 2752 A
888 2707 1132 2764 παγκάλως
1161 2712 1228 2762 Ξ,
1262 2705 1496 2764 πάγκαλος
1526 2710 1688 2760 VBST,
1722 2723 1804 2762 quo
1834 2722 1930 2750 rece
1942 2715 1981 2747 ·!¹⁷

224 2765 519 2821 συγκείμενος
558 2769 784 2809 admodum
826 2769 1017 2823 languet:
1057 2770 1320 2823 hyperbaton
1359 2775 1497 2810 autem
1530 2770 1572 2808 in
1612 2775 1728 2808 tanta
1765 2768 1832 2816 vi,
1875 2781 1900 2818 q
1941 2784 1980 2834 ι,

224 2826 401 2879 Hippias
433 2827 632 2866 adverbio
663 2827 827 2876 tribuit,
855 2840 939 2867 non
966 2828 1165 2870 offendet.
1194 2849 1254 2859 —-
1282 2827 1328 2866 P.
1361 2823 1445 2868 286
1477 2827 1510 2866 Ε
1542 2819 1736 2878 σμικρόν
1766 2835 1858 2864 που
1887 2821 1934 2869 ,Ξ
1951 2851 1955 2869 .
1985 2834 1994 2864 ι

224 2884 287 2935 V,
321 2877 515 2935 σμικρόν
544 2881 594 2923 τί
616 2894 707 2923 που
736 2883 835 2924 BST
864 2892 1033 2937 praeter
1061 2884 1367 2927 necessitatem.
1398 2905 1453 2913 —-
1484 2885 1527 2925 P.
1563 2880 1649 2925 287
1675 2883 1708 2923 Β
1747 2875 1955 2931 ἔπιδείξ
1973 2916 1979 2920 ,.
