2020 3094
806 116 860 164 Α
874 114 973 163 ΥΣ
986 114 1084 163 ΙΣ.
1729 104 1795 156 75

113 276 197 322 τες
223 251 331 325 γὰρ
356 250 429 317 ὡς
447 248 569 306 οἷόν
587 270 645 304 τε
674 251 910 319 μάλιστα
930 250 987 303 οἰ
1004 246 1106 318 μὲν
1127 252 1339 302 οἴονται
1359 241 1463 299 οὐκ
1483 241 1851 314 ἀντιφιλεῖ-ο

0 344 10 416 γ’
108 345 272 406 σθαι,
294 337 352 390 οἰ
375 335 435 390 δὲ
455 334 543 388 καὶ
564 338 877 402 μισεῖσθαι·
907 325 944 401 ἦ
963 327 1067 384 οὐκ
1088 325 1293 399 ἀληθὲς
1320 329 1478 383 δοκεῖ
1491 341 1580 380 σοι
1597 331 1790 388 τοῦτο;

107 418 348 489 Σφόδρα
365 438 456 487 γε,
479 419 613 485 ἔφη,
636 411 857 484 ἀληθές
912 409 1143 467 Οὐκοῦν
1161 413 1224 466 ἐν
1239 416 1320 483 τῷ
1338 408 1571 482 τοιούτω
1586 450 1601 477 ,
1639 400 1713 478 ἦν
1732 405 1784 461 δ’

107 499 242 570 ἐγώ,
263 496 292 554 ὁ
312 498 415 569 μὲν
434 503 607 567 φιλεῖ,
629 493 657 550 ὁ
678 495 738 551 δε
758 501 1022 565 φιλεῖται,
1061 498 1189 548 Ναί.
1227 489 1287 548 Ὁ
1307 491 1540 562 πότερος
1559 482 1666 544 οῦν
1684 486 1790 543 αὐ-

107 587 225 637 τῶν
243 584 482 650 ποτέρου
500 584 660 649 φίλος
680 579 852 640 ἐστίν;
890 574 918 631 ὁ
941 581 1126 645 φιλῶν
1154 581 1259 631 τοῦ
1282 575 1658 644 φιλουμένου,
1687 572 1789 627 ἐάν

104 684 163 718 τε
182 663 275 718 καὶ
296 660 646 732 ἀντιφιλῆται
669 658 767 714 ἐάν
785 679 844 713 τε
861 659 952 713 καὶ
968 664 1207 727 μισῆται,
1220 652 1258 727 ἢ
1278 653 1306 711 ὁ
1328 654 1668 727 φιλούμενος
1684 659 1789 709 τοῦ

105 751 430 814 φιλοῦντος;
461 765 496 813 η
474 738 809 840 ὀὐδέτερος
827 732 902 793 αὐ
930 740 991 794 ἐν
1021 744 1098 810 τῷ
1118 737 1352 811 τοιούτῳ
1375 735 1672 805 οὐδετέρου
1693 740 1789 806 φί-

104 833 200 891 λος
225 826 401 893 ἐστίν,
446 846 517 879 αν
543 821 616 895 μή
648 820 955 893 ἀμφότεροι
987 818 1265 890 ἀλλήλους
1295 825 1562 890 φιλωσιν;
1601 817 1787 872 ’Έοικε

102 913 247 979 γοῦν
267 905 446 971 οὕτως
465 911 623 977 ἔχειν.
666 902 960 968 Ἀλλοίως’
936 902 1045 970 α’ρα
1063 907 1175 957 νῦν
1190 898 1322 972 ἡμῖν
1352 894 1564 956 δοκεῖ’
1527 922 1561 970 η
1581 898 1781 971 πρότε-
1812 904 1847 945 D

107 1011 210 1059 ρον
227 992 394 1055 ἔδοξε.
450 988 574 1043 τότε
602 986 705 1058 μὲν
733 985 870 1057 γάρ,
908 981 998 1041 εί“
974 1006 1003 1040 ο
1035 985 1220 1052 ἕτερος
1249 990 1428 1054 φιλοῖ,
1467 986 1611 1053 φίλω
1642 979 1785 1036 εἶναι

103 1094 273 1144 αμφω
287 1093 299 1105 ·
327 1078 437 1128 νῦν
456 1074 544 1140 δέ,
568 1093 640 1125 αν
657 1068 731 1142 μὴ
752 1067 1059 1140 ἀμφότεροι
1080 1073 1346 1138 φιλωσιν,
1379 1064 1670 1136 οὐδέτερος
1689 1068 1787 1134 φί-

104 1165 213 1223 λος.
269 1155 606 1212 Κινδυνεύει
619 1198 632 1224 ,
661 1159 783 1226 ἔφη.
842 1151 961 1209 Οὐκ
980 1151 1091 1223 ἄρα
1109 1153 1222 1207 ἐστὶ
1242 1158 1408 1222 φίλον
1427 1155 1504 1226 τῷ
1527 1156 1786 1222 φιλοῦντι

104 1236 272 1295 οὐδὲν
292 1235 366 1309 μὴ
387 1235 491 1292 οὐκ
511 1233 856 1306 ἀντιφιλοῦν.
899 1232 1019 1290 Οὐκ
1044 1239 1236 1290 ἔοικεν.
1296 1230 1437 1290 Οὐδ’
1464 1232 1573 1303 ἄρα
1593 1237 1786 1303 φίλιπ-

104 1326 206 1377 ποί
218 1325 360 1376 εἰσιν
378 1317 479 1385 οὓς
496 1314 570 1375 ἂν
589 1322 647 1374 οἱ
660 1322 818 1374 ἵπποι
834 1315 908 1389 μὴ
933 1315 1324 1387 ἀντιφιλῶσιν,
1365 1313 1498 1372 οὐδὲ
1516 1315 1787 1386 φιλόρτυ-

26 1423 27 1430 ’
102 1425 212 1474 γες,
232 1400 357 1458 οὐδ’
373 1396 449 1456 αὖ
468 1400 766 1472 φιλόκυνές
779 1421 843 1470 γε
861 1400 953 1456 καὶ
973 1404 1217 1468 φίλοινοι
1232 1400 1323 1455 καὶ
1341 1399 1786 1469 φιλογυμνασταὶ

103 1487 195 1541 καὶ
208 1483 525 1556 φιλόσοφοι,
540 1478 611 1539 ἂν
630 1482 704 1555 μὴ
724 1480 757 1554 ἡ
780 1488 949 1554 σοφία
965 1479 1173 1547 αὐτοὺς
1192 1480 1466 1554 ἀντιφιλῇ.
1505 1476 1542 1551 ἦ
1562 1487 1789 1551 φιλοῦσι

102 1569 205 1638 μὲν
222 1572 397 1622 ταῦτα
417 1566 667 1636 ἕκαστοι,
699 1563 767 1621 οὐ
787 1567 975 1636 μέντοι
995 1570 1128 1635 φίλα
1149 1562 1284 1619 ὄντα
1298 1606 1311 1633 ,
1345 1561 1483 1619 ἀλλὰ
1504 1559 1732 1629 ψεύδεθ’
1754 1558 1783 1617 ὁ
1814 1574 1848 1615 Ε

23 1714 25 1719 .
103 1649 357 1720 ποιητής,
380 1644 441 1713 ὃς
461 1652 566 1719 ἔφη

24 1761 27 1782 s
246 1730 434 1803 ὄλβιος
447 1773 460 1797 ,
483 1723 530 1805 ᾦ
548 1734 737 1796 παῖδές
754 1752 811 1786 τε
832 1737 985 1800 φίλοι
1005 1732 1094 1785 καὶ
1113 1730 1364 1800 μώνυχες
1380 1732 1539 1785 ἵπποι

315 1815 407 1868 καὶ
427 1812 594 1878 κύνες
615 1811 875 1883 ἀγρευταὶ
900 1815 992 1869 καὶ
1012 1814 1166 1879 ξένος
1184 1810 1527 1877 ἀλλοδαπός,
1513 1835 1525 1847 ·

109 1894 228 1954 Οὐκ
246 1899 427 1967 ἔμοιγε
448 1899 624 1964 δοκεῖ,
660 1889 696 1966 ἦ
727 1894 780 1950 δ’
805 1893 881 1959 ὅς.
930 1891 1068 1950 ”Αλλ
1089 1892 1277 1966 ἀληθῆ
1299 1897 1453 1950 δοκεῖ
1468 1897 1649 1963 λέγειν
1668 1910 1785 1956 σοις

104 1975 365 2036 Ναί.Τό
395 1976 739 2048 φιλούμενον
770 1999 878 2047 αρα
902 1983 981 2052 τῷ
1009 1984 1267 2048 φιλοῦντι
1297 1981 1464 2047 φίλον
1494 1978 1669 2045 ἐστίν,
1711 1997 1785 2039 ως

103 2065 309 2128 ἔοικεν,
347 2081 391 2115 ω
412 2062 718 2157 Μενέξενε,
754 2059 855 2115 έάν
881 2081 940 2115 τε
971 2066 1106 2132 φιλῇ
1135 2059 1236 2115 ἐάν
1266 2080 1323 2114 τε
1356 2059 1446 2114 καὶ
1467 2063 1625 2130 μισῇ·
1665 2051 1786 2112 οἷον

24 2197 25 2202 ,
111 2143 197 2237 καὶ
215 2138 281 2196 τά
300 2142 496 2197 νεωστὶ
514 2140 781 2212 γεγονότα
802 2140 1108 2212 παιδία,τὰ
1127 2141 1230 2212 μὲν
1250 2139 1470 2197 οὐδέπω
1490 2145 1780 2240 φιλοῦντα,

23 2215 25 2238 ⁴
104 2245 173 2278 τα
193 2221 251 2278 δὲ
270 2223 363 2277 καὶ
381 2228 669 2293 μισουντα,
681 2245 817 2278 οταν
836 2224 1128 2295 κολάζηται
1145 2221 1256 2278 ὑπὸ
1277 2230 1372 2294 τῆς
1390 2220 1598 2294 μητρὸς
1615 2216 1652 2293 ἦ
1669 2219 1779 2277 ὑπὸ
1814 2238 1900 2283 213

105 2310 206 2360 τοῦ
225 2303 459 2374 πατρός,
479 2302 628 2375 ὅμως
651 2306 742 2361 καὶ
758 2313 1029 2376 μισοῦντα
1050 2309 1110 2361 έν
1129 2308 1320 2379 ἐκείνῳ
1340 2311 1420 2378 τῷ
1437 2304 1620 2378 χρόνῳ
1642 2301 1787 2359 πάν-

104 2407 218 2443 των
243 2385 480 2458 μάλιστά
510 2388 621 2441 ἐστι
649 2398 764 2453 τοῖς
801 2395 1030 2458 γονεῦσι
1060 2394 1311 2459 φίλτατα.
1355 2386 1578 2459 Ἔμοιγε
1616 2389 1784 2453 δοκεῖ,

106 2471 212 2540 ἔφη
227 2509 243 2538 ,
273 2466 449 2533 οὕτως
467 2472 623 2538 ἔχειν.
685 2467 804 2524 Οὐκ
825 2468 934 2539 ἄρα
954 2468 983 2526 ὁ
1003 2476 1186 2541 φιλῶν
1205 2475 1365 2541 φίλος
1383 2472 1442 2526 ἐκ
1461 2467 1667 2524 τούτου
1684 2472 1788 2523 τοῦ

2 2568 5 2580 ’
109 2550 308 2622 λόγου,
347 2548 459 2606 ἀλλ’
493 2549 522 2606 ὁ
563 2552 912 2622 φιλούμενος.
952 2552 1184 2609 Ἔοικεν.
1237 2554 1347 2608 Καὶ
1386 2549 1415 2608 ὁ
1452 2549 1788 2622 μισούμενος

0 2666 5 2674 ·
107 2630 308 2721 έχθρὸς
342 2630 479 2702 ἄρα,
518 2630 632 2688 ἀλλ’
662 2631 764 2704 οὐχ
802 2630 1044 2705 ὁμισιῦν.
1099 2640 1376 2691 Φαίνεται.
1436 2634 1644 2690 Πολλοὶ
1678 2630 1786 2699 ἄρα

2 2776 5 2787 q
106 2712 216 2770 υπὸ
236 2720 350 2768 τῶν
370 2716 591 2785 ἐχθρῶν
610 2722 922 2785 φιλοῦνται,
936 2714 1044 2772 ὑπὸ
1066 2718 1124 2773 δὲ
1143 2724 1256 2772 τῶν
1276 2722 1456 2787 φίλων
1475 2721 1785 2787 μισοῦνται,

107 2796 197 2851 καὶ
217 2806 330 2860 τοῖς
349 2795 450 2866 μὲν
469 2799 689 2867 ἐχθροῖς
709 2802 861 2868 φίλοι
882 2803 1011 2869 εἰσί,
1049 2810 1163 2865 τοῖς
1193 2798 1251 2855 δὲ
1282 2803 1464 2869 φίλοις
1483 2801 1700 2867 ἐχθροί,
1740 2796 1791 2849 εί
1819 2807 1849 2847 Β
