1994 3100
249 108 319 159 30
601 109 1072 157 ΠΛΑΤΩΝΟΣ
1116 109 1570 158 ΧΑΡΜΙΔΗΣ.

251 245 339 298 καὶ
376 264 449 314 μη
490 239 728 314 ἀπολίπῃ
767 240 970 296 τούτου
1006 241 1139 314 μήτε
1176 245 1312 312 μέγα
1352 243 1487 315 μήτε
1514 243 1766 314 σμικρόν.
1826 240 1918 309 Ὡς

195 338 227 381 G
255 320 766 395 ἄκολο-υθήσοντος,
790 328 920 395 ἔφη,
944 324 1035 379 καὶ
1054 322 1126 394 μὴ
1147 321 1587 395 ἄπολειψομένου
1601 347 1612 358 ·
1645 323 1795 380 δεινοὶ
1816 325 1920 396 γὰρ

254 401 326 461 ἂν
343 412 588 476 ποιοίην,
628 402 762 477 εἰμὴ
785 412 1081 477 πειθοίμην
1100 408 1184 461 σοὶ
1202 413 1281 480 τῷ
1300 406 1570 480 ἐπιτρόπῳ
1592 410 1681 462 καὶ
1701 405 1774 478 μὴ
1798 427 1921 462 ποι-

255 494 378 560 οίην
397 484 431 544 ὁὶ
451 488 705 551 κελεύεις.
755 484 916 543 Ἀλλὰ
937 488 1073 559 μήν,
1096 493 1218 560 ἔφη,
1242 489 1449 545 κελεύω
1472 493 1655 560 ἔγωγε.
1695 490 1920 560 Ποιήσω

254 575 461 639 τοίνυν,
482 574 615 641 ἔφη,
653 567 761 626 ἀπὸ
783 573 1007 642 ταυτησὶ
1027 577 1119 641 τῆς
1139 570 1343 642 ἡμέρας
1362 569 1680 642 ἀρξάμενος.
1731 565 1920 641 Οὗτοι,

253 646 324 723 ἦν
345 649 397 707 δ’
420 651 544 723 ἐγώ,
566 657 622 708 τί
644 653 1029 723 βουλεύεσθον
1050 665 1225 709 ποιεῖν
1239 677 1252 719 ;
1295 650 1504 723 Οὐδέν,
1535 657 1638 722 ἔφη
1660 650 1687 706 ὁ
1711 658 1922 723 Χαρμί-

258 739 381 806 δης,
419 732 558 790 ἀλλὰ
592 735 1027 807 βεβουλεύμεθα.
1093 735 1280 792 Βιάσει
1317 735 1452 805 ἄρα,
1488 728 1558 805 ἦν
1588 731 1640 788 δ’
1662 733 1795 803 ἐγώ,
1835 736 1924 789 καὶ

257 815 380 874 οὐδ’
405 815 698 886 ἆνοῖκρισίν
718 839 811 889 μοι
829 818 1045 884 δώσεις;
1076 817 1166 882 Ὡς
1186 818 1539 889 βιασομένου,
1561 819 1684 886 ἔφη,
1707 816 1925 886 ἐπειδή-

256 922 356 973 περ
387 899 481 956 ὅδε
511 921 573 971 γε
603 899 897 955 ἐπιτάττει·
937 899 1073 970 πρὸς
1102 906 1273 955 ταῦτα
1304 896 1373 953 σὺ
1405 891 1478 952 αὖ
1506 896 1784 969 βουλεύου
1813 895 1845 952 ὅ
1875 919 1926 953 τι

124 1044 130 1050 ,
195 997 227 1037 D
257 981 515 1055 ποιήσεις.
569 981 711 1038 Ἀλλ’
733 981 977 1054 οὐδεμία,
1000 988 1140 1055 ἔφην
1161 982 1297 1052 ἐγώ,
1335 985 1573 1036 λείπεται
1591 979 1795 1051 βουλή·
1838 982 1926 1035 σοὶ

253 1063 361 1136 γὰρ
392 1067 757 1136 ἐπιχειροῦντι
787 1066 1046 1135 πράττειν
1075 1064 1266 1122 ὁτιοῦν
1295 1065 1384 1118 καὶ
1412 1063 1711 1135 βιαζομένῳ
1743 1058 1927 1126 οὐδεὶς

257 1143 372 1212 οἶός
406 1145 457 1202 τ’
493 1150 644 1202 ἔσται
675 1149 1070 1204 ἐναντιοῦσθαι
1101 1145 1436 1216 ἀνθρώπων.
1510 1145 1607 1216 Μὴ
1641 1149 1860 1213 τοίνυν,
1892 1138 1927 1216 ἦ

259 1229 309 1286 δ’
335 1229 394 1296 ὅς
412 1271 426 1299 ,
466 1229 604 1301 μηδὲ
623 1227 694 1285 σύ
715 1232 985 1286 ἐναντιοῦ.
1062 1228 1146 1287 Οὐ
1166 1235 1385 1301 τοίνυν,
1423 1223 1496 1300 ἦν
1516 1225 1568 1283 δ’
1591 1226 1698 1300 ἐγώ
1711 1269 1726 1297 ,
1763 1228 1926 1284 ἐναν-

256 1330 536 1383 τιωσομαι.
