1962 3112
201 75 306 127 280
380 39 404 45 Μ
817 79 1296 128 ΠΛΑΤΩΝΟΣ
1342 67 1346 69 ’
1815 91 1877 136 32

199 211 540 281 ἐρωτῶντος,
580 207 617 282 ἢ
643 210 747 281 μὲν
780 209 853 265 ἄν
882 226 971 264 σοι
999 213 1137 282 δοκῇ
1153 211 1370 268 τούτων
1387 211 1541 284 εἶναι,
1563 215 1734 286 φάθι,
1759 212 1794 280 ἡ
1786 213 1875 273 ''t‘

199 286 274 346 ἀν
294 291 369 362 μή
384 334 396 358 ,
435 292 508 363 μὴ
538 292 698 362 φάθι.
741 311 963 363 πρωτον
995 291 1054 347 δὲ
1074 292 1413 364 σκεψώμεθα
1429 295 1532 366 τὴν
1549 295 1869 368 αὐλητικήν.

141 380 174 422 Ε
207 371 276 428 οὐ
296 378 452 430 δοκεῖ
467 391 552 430 σοι
572 373 796 445 τοιαύτη
817 396 896 438 τις
917 372 1071 444 εἶναι,
1095 396 1137 430 ω
1158 380 1509 448 Καλλίκλεις,
1540 379 1644 450 τὴν
1660 378 1876 451 ἡδονὴν

201 453 362 525 ἡμων
381 454 558 525 μόνον
578 455 827 526 διώκειν,
851 455 984 511 ἄλλο
1004 455 1057 512 δ’
1079 455 1245 514 οὐδὲν
1263 463 1602 528 φροντίζειν;

340 543 511 593 ΚΑΛ.
551 537 773 608 ’Έμοιγε
792 542 955 594 δοκεῖ.

343 625 467 674 ΣΩ.
527 618 756 676 Οὐκοῦν
774 622 865 676 καὶ
883 624 943 676 αἰ
957 625 1159 677 τοιαίδε
1179 620 1413 696 ἅπασαι,
1453 619 1624 695 οἶονὴ
1646 631 1877 695 κιθαρι-

166 699 170 703 ’
201 699 356 771 στικὴ
381 699 412 771 ἡ
435 705 495 757 έν
513 714 626 767 τοῖς
645 701 882 772 άγῶσιν;

342 789 513 839 ΚΑΛ.
565 790 693 840 Ναί.

342 871 466 921 ΣΩ.
528 872 597 921 Τί
620 870 702 931 δέ;
744 864 779 937 ἡ
804 872 917 922 τῶν
947 890 1132 937 χορων
1153 874 1475 925 διδασκαλία
1495 872 1584 925 καὶ
1602 867 1634 940 ἡ
1652 891 1766 924 των
1787 874 1869 924 60-

199 948 516 1018 θυράμβων
545 953 760 1018 ποίησις
789 948 858 1004 οὐ
887 952 1109 1022 τοιαύτη
1140 957 1219 1016 τίς
1253 970 1340 1007 σοι
1379 957 1800 1022 καταφαίνεται;
1835 947 1872 1021 ἦ

198 1026 323 1099 ἡγεῖ
346 1051 398 1083 τι
427 1035 738 1100 φροντίζειν
763 1037 1038 1103 Κινησίαν
1066 1034 1166 1088 τὸν
1187 1036 1467 1104 Μέλητος,
1508 1032 1657 1098 ὅπως
1685 1035 1801 1102 έρει
1820 1051 1869 1088 τι·

91 1123 169 1170 ἰο2
201 1117 471 1182 τοιοῦτον,
494 1110 633 1167 όθεν
651 1109 722 1167 ὄίν
742 1112 844 1169 οἷ’
812 1115 1112 1180 ακούοντες
1131 1122 1380 1185 βελτίους
1395 1121 1692 1186 γίγνοιντο,
1717 1110 1753 1185 ἦ
1773 1112 1805 1168 ὅ
1821 1135 1873 1169 τι

198 1196 382 1264 μέλλει
398 1203 710 1263 χαριεῖσθαι
728 1201 803 1270 τῷ
823 1194 965 1269 ὅχλςο
986 1205 1098 1254 τῶν
1118 1206 1364 1263 θεατῶνς

340 1282 510 1332 ΚΑΛ.
562 1283 754 1347 Δῆλον
774 1277 840 1348 δὴ
861 1279 1027 1335 τοῦτο’
1046 1303 1135 1351 γε,
1179 1274 1223 1336 <5
1241 1280 1563 1350 Σώκρατες,
1598 1285 1871 1351 Κινησίου

198 1380 260 1427 γε
282 1361 419 1426 πέρι.

338 1446 462 1496 ΣΩ.
528 1446 597 1497 Τί
611 1443 674 1497 δέ
682 1466 697 1509 ;
735 1440 763 1498 ὁ
796 1440 973 1514 πατὴρ
994 1442 1168 1498 αὐτοῦ
1186 1445 1376 1515 Μέλης
1397 1438 1434 1514 ἦ
1452 1443 1591 1514 πρὸς
1608 1443 1668 1499 τὸ
1689 1447 1872 1516 βέλτι-

199 1538 331 1577 στον
360 1526 580 1594 βλέπων
609 1524 787 1580 ἐδόκει
817 1542 904 1580 σοι
934 1530 1300 1597 κιθαρῳδεῖν;
1337 1521 1374 1597 ἦ
1393 1527 1601 1591 ἐκεῖνος
1620 1524 1720 1596 μὲν
1739 1523 1869 1580 οὐδὲ

199 1603 337 1673 πρὸς
355 1604 416 1661 τὸ
439 1604 691 1677 ἥδιστον·
728 1605 856 1677 ἠνία
884 1605 992 1677 γάρ
1023 1605 1176 1680 ᾄδων
1206 1606 1338 1673 τούς
1367 1608 1600 1672 θεατάς·
1643 1606 1781 1664 ἀλλὰ
1803 1605 1868 1678 δὴ

201 1686 419 1741 σκόπει·
457 1685 579 1757 οὐχὶ
607 1688 645 1757 ἥ
673 1710 730 1743 τε
759 1689 1105 1764 κιθαρῳδικὴ
1139 1693 1294 1745 δοκεῖ
1317 1706 1404 1745 σοι
1428 1697 1576 1745 πᾶσα
1595 1688 1737 1760 καὶὴ
1761 1695 1876 1745 τῶν

200 1767 569 1838 διθυράμβων
588 1776 802 1840 ποίησις
819 1769 1025 1843 ἡδονῆς
1044 1771 1206 1842 χάριν
1226 1769 1527 1842 εὑρῆσθαι;

337 1854 507 1904 ΚΑΛ.
548 1848 776 1920 Ἔμοιγε.
1428 1925 1432 1927 μ

142 1936 173 1978 Β
341 1935 466 1985 ΣΩ.
530 1937 598 1986 Τί
613 1931 671 1986 δὲ
698 1934 766 2003 δή
779 1958 794 2001 ;
832 1932 865 2004 ἡ
896 1932 1066 2004 σεμνὴ
1091 1933 1230 2005 αὕτη
1251 1936 1344 1990 καὶ
1361 1934 1685 2005 θαυμαστή,
1722 1932 1875 2005 ἡτῆς

198 2015 504 2084 τραγωδίας
522 2019 738 2084 ποίησις
756 2013 889 2090 ἐφ’
870 2008 916 2070 οἷ
944 2016 1281 2086 ἐσπούδακε,
1322 2015 1562 2085 πότερόν
1582 2018 1726 2071 ἐστιν
1747 2014 1871 2085 [αὐ-

197 2099 293 2164 τῆς
310 2092 370 2148 τὸ
395 2096 712 2166 ἐπιχείρημα
730 2097 822 2152 καὶ
839 2094 873 2167 ἡ
894 2098 1150 2168 σπουδή],
1175 2120 1248 2161 ως
1265 2099 1351 2153 σοὶ
1372 2101 1537 2168 δοκεῖ,
1555 2102 1871 2167 χαριζεσθαι

197 2186 311 2240 τοῖς
334 2185 557 2241 θεαταῖς
576 2177 768 2249 μόνον,
791 2175 828 2250 ἢ
847 2181 938 2235 καὶ
956 2180 1339 2250 διαμάχεσθαι,
1366 2179 1464 2234 ε’άν
1483 2201 1535 2234 τι
1554 2178 1740 2244 αὐτοῖς
1758 2178 1867 2249 ἡδυ

198 2279 300 2326 μεν
320 2261 355 2328 ᾑ
377 2259 467 2314 καὶ
486 2262 907 2332 κεχαρισμένον,
928 2260 1176 2333 πονηρὸν
1195 2264 1279 2331 δέ,
1319 2261 1470 2327 ὅπως
1491 2269 1653 2317 τοῦτο
1675 2284 1776 2332 μεν
1794 2262 1870 2332 μὴ

196 2342 333 2411 ἐρεῖ,
375 2345 425 2396 εἰ
441 2343 506 2396 δέ
521 2363 572 2395 τι
591 2341 848 2412 τυγχάνει
867 2341 1030 2414 άηδες
1054 2346 1145 2400 καὶ
1166 2343 1477 2415 ω’φέλιμον,
1516 2351 1678 2400 τοῦτο
1701 2346 1759 2400 δε
1777 2346 1868 2399 καὶ

196 2426 335 2487 λέξει
352 2425 444 2477 καὶ
464 2421 654 2493 ᾄσεται
665 2466 680 2493 ,
712 2425 812 2481 ἐάν
830 2447 889 2481 τε
907 2434 1170 2496 χαίρωσιν
1190 2427 1288 2482 ε’άν
1306 2448 1364 2481 τε
1388 2427 1488 2497 μή;
1519 2431 1759 2494 ποτέρως
1780 2442 1870 2481 σοι

199 2507 356 2559 δοκεῖ
366 2506 821 2575 παρεσκευάσθαι
838 2507 872 2578 ἡ
895 2515 1006 2563 τῶν
1023 2513 1349 2582 τραγῳδιῶν
1369 2513 1608 2578 ποίησις;

335 2591 505 2640 ΚΑΛ.
562 2594 755 2657 Δῆλον
786 2587 852 2658 δὴ
882 2590 1050 2645 τοῦτό
1067 2611 1157 2659 γε,
1200 2583 1244 2646 03
1265 2588 1587 2660 Σώκρατες,
1626 2586 1710 2642 ὅτι
1730 2588 1871 2658 πρός

137 2682 167 2724 C
198 2664 300 2738 τὴν
348 2666 560 2739 ἡδονὴν
605 2676 819 2740 μᾶλλον
868 2670 1112 2743 ὥρμηται
1160 2674 1250 2727 καὶ
1296 2669 1356 2726 τὸ
1403 2674 1721 2741 χαρίζεσθαι
1755 2681 1868 2734 τοῖς

196 2756 436 2816 θεαταῖς.
