1994 3100
145 105 213 155 24
366 171 370 173 .
757 108 1231 158 ΠΛΑΤῼΝΟΣ

147 244 423 311 διακρῖναι
453 242 542 295 οἵα
570 262 628 295 τε
657 243 807 295 ἔσται
836 240 1199 311 ἐπιστάμενον
1226 240 1293 297 τοὶ
1322 249 1417 314 τῆς
1444 248 1634 316 τέχνης
1668 241 1705 316 ἦ
1741 243 1812 315 μὴ

145 321 526 393 ἐπιστάμενον,
549 322 1031 393 προσποιούμενον
1053 319 1164 394 δὲῆ
1186 325 1444 395 οἰόμενον
1458 368 1472 395 ,
1496 325 1622 382 οὔτε
1643 324 1816 382 ἄλλον

146 402 348 459 οὐδένα
368 411 480 459 τῶν
499 407 877 473 ἐπισταμένων
896 406 987 459 καὶ
1015 402 1234 476 ὁτιοῦν,
1275 407 1422 477 πλήν
1438 430 1502 478 γε
1523 406 1623 463 τὸν
1643 407 1816 464 αὑτοῦ

145 484 472 557 ὁμότεχνον,
513 485 697 555 ὥσπερ
718 490 775 542 oc
791 485 948 542 ἄλλοι
967 491 1305 559 δημιουργοί.
1370 495 1655 562 Φαίνεται,
1694 494 1813 562 ἔφη.

82 580 116 620 D
290 572 421 623 XIX.
498 574 590 632 Τίς
608 562 742 640 οῦν,
772 563 845 640 ἦν
866 568 918 624 δ’
941 570 1074 640 ἐγώ,
1108 565 1153 625 ὦ
1173 576 1392 640 Κριτία,
1433 570 1668 643 ω’φελεία
1686 571 1818 645 ἡμῖν

143 656 221 706 ἔτι
248 646 320 705 ἂν
350 658 432 721 εἰῖη
470 648 577 705 ἀπὸ
607 658 704 721 τῆς
734 653 1102 724 σωφροσύνης
1129 654 1383 725 τοιαύτης
1410 653 1603 725 οὔσης;
1640 660 1691 710 εί
1716 654 1819 725 μὲν

141 733 276 803 γάρ,
317 731 347 788 ὃ
378 735 432 798 ἐξ
461 731 631 804 ἀρχῆς
660 731 1066 805 ὑπετιθέμεθα,
1106 735 1226 808 ᾔδει
1246 734 1274 792 ὁ
1301 737 1546 807 σώφρων
1567 735 1605 791 ἅ
1622 758 1679 792 τε
1698 736 1814 810 ᾔδει

140 817 232 871 καὶ
251 812 287 870 ἂ
310 813 383 886 μὴ
413 814 556 888 ἤδει,
598 814 663 870 τὰ
697 816 798 886 μὲν
826 816 912 871 ὅτι
937 816 1079 889 οἶδε,
1117 817 1182 873 τὰ
1216 818 1267 873 δ’
1300 817 1383 874 ὅτι
1413 818 1516 874 οὐκ
1547 817 1689 889 οἶδε,
1725 820 1814 875 καὶ

141 899 312 954 ἄλλον
333 896 540 953 ταύτὸν
567 905 731 952 τοῦτο
752 899 1075 954 πεπονθότα
1099 902 1500 966 ἐπισκέψασθαι
1518 897 1631 965 οἷός
1648 922 1706 956 τε
1724 894 1811 972 ἦν,

140 976 491 1051 μεγαλωστὶ
466 1002 537 1035 αν
556 978 703 1051 ἡμῖν,
727 983 926 1052 φαμέν,
950 979 1229 1052 ωφέλιμον
1247 985 1320 1052 ήν
1342 982 1630 1053 σώφροσιν
1649 982 1813 1039 εἶναι·

143 1061 518 1164 ἀναμάρτητοι
546 1084 653 1133 γαρ
686 1059 759 1118 ἂν
786 1063 884 1119 τὸν
900 1069 1026 1135 βίον
1044 1067 1245 1134 ἐζῶμεν
1265 1062 1429 1120 αὐτοί
1440 1086 1497 1120 τε
1517 1068 1575 1120 οἱ
1586 1064 1689 1137 τὴν
1707 1082 1818 1121 σω·-

141 1143 435 1246 φροσύνην
475 1148 688 1215 ἔχοντες
721 1147 812 1201 καὶ
851 1149 907 1200 οι
940 1145 1098 1202 ἄλλοι
1124 1146 1325 1211 πάντες
1361 1147 1483 1203 ὅσοι
1518 1146 1619 1219 ὑφ’
1659 1146 1814 1220 ἡμων
1847 1181 1850 1183 >

79 1241 111 1279 E
141 1227 394 1328 ήρχοντο.
434 1226 564 1282 οὔτε
593 1226 702 1298 γὰρ
730 1224 802 1283 ἂν
822 1226 978 1284 αὐτοὶ
1000 1232 1388 1328 ἐπεχειροῦμεν
1409 1230 1668 1300 πράττειν
1687 1227 1724 1285 ἃ
1741 1229 1811 1302 μὴ

140 1308 520 1381 ἠπιστάμεθα,
542 1308 666 1367 ἀλλ’
688 1314 1094 1382 ἐξευρίσκοντες
1112 1310 1244 1377 τοὺς
1263 1314 1656 1383 ἐπισταμένους
1676 1314 1811 1368 ἐκεί-

140 1414 258 1458 νοις
276 1388 349 1447 ὅὶν
368 1396 761 1464 παρεδίδομεν,
802 1391 931 1449 οὔτε
951 1407 1062 1458 τοῖς
1082 1393 1269 1459 ἄλλοις
1297 1397 1691 1465 ἐπετρέπομεν,
1734 1388 1815 1450 ὧν

136 1473 394 1546 ἤρχομεν,
417 1473 550 1532 ἄλλο
570 1498 621 1531 τι
642 1475 899 1546 πράττειν
918 1473 955 1548 ἢ
974 1475 1006 1532 ὅ
1023 1499 1076 1532 τι
1100 1477 1431 1547 πράττοντες
1449 1475 1635 1547 ὀρθῶς
1656 1481 1813 1547 ἔμελ-

138 1563 239 1612 λον
260 1558 511 1627 πράξειν·
551 1564 715 1614 τοῦτο
747 1558 802 1614 δ’
834 1553 906 1630 ἦν
938 1558 1038 1629 ἄν,
1077 1551 1148 1614 οῦ
1176 1558 1478 1630 ἐπιστήμην
1510 1557 1683 1629 εἶχον·
1723 1560 1815 1615 καὶ

136 1636 282 1694 οὕτω
302 1637 367 1710 δὴ
391 1637 501 1696 ὑπὸ
532 1642 902 1713 σωφροσύνης
932 1646 1076 1697 οἰκία
1094 1662 1152 1696 τε
1178 1644 1473 1712 οἰκουμένη
1505 1645 1693 1712 ἔμελλε
1712 1663 1813 1696 κα-

134 1725 243 1784 λῶς
262 1724 564 1790 οἰκεῖσθαι,
610 1723 768 1788 πόλις
797 1745 856 1778 τε
878 1726 1301 1795 πολιτευομένη,
1346 1726 1438 1779 καὶ
1456 1722 1590 1779 ἄλλο
1612 1731 1725 1778 πᾶν
1743 1706 1814 1779 οῦ

24 1815 106 1861 172
134 1803 473 1875 σωφροσύνη
495 1804 680 1906 άρχοι·
719 1803 983 1875 ἁμαρτίας
1001 1806 1107 1876 γὰρ
1129 1804 1532 1879 ἐξηρημένης,’
1506 1828 1572 1875 ορ
1583 1806 1812 1877 θοτητος

137 1886 195 1939 δὲ
222 1883 547 1957 ἡγουμένης,
569 1889 628 1941 ἐν
648 1886 796 1960 πάση
817 1888 1010 1958 πράξει
1027 1895 1208 1953 καλως
1226 1889 1485 1958 πράττειν
1505 1887 1808 1959 ἀναγκαῖον

132 1964 264 2030 τοὺς
284 1964 430 2022 οὕτω
449 1971 855 2039 διακειμένους,
876 1970 1008 2035 τούς
1028 1972 1085 2026 δε
1106 1973 1168 2026 εῦ
1190 1969 1528 2040 πράττοντας
1547 1969 1808 2041 εὐδαίμο-

133 2071 234 2113 νας
265 2047 419 2104 εἶναι.
450 2049 543 2119 ἄρ’
575 2049 675 2121 οὐχ
696 2073 890 2122 ουτως,
910 2075 982 2123 ην
1004 2051 1053 2108 δ’
1079 2052 1212 2123 ἐγώ,
1238 2075 1279 2107 ω
1302 2058 1528 2123 Κριτία,
1550 2055 1806 2123 ἐλέγομεν

132 2132 256 2200 περὶ
277 2132 672 2203 σωφροσύνης,
710 2136 963 2204 λέγοντες
991 2134 1129 2191 ὅσον
1158 2133 1380 2204 ἀγαθὸν
1410 2142 1492 2205 εἴη
1518 2133 1577 2189 τὸ
1604 2136 1807 2190 εἰδέναι

133 2211 170 2266 ά
187 2235 244 2268 τε
263 2212 379 2269 οἶδέ
399 2237 479 2280 τις
498 2217 587 2271 καὶ
608 2213 643 2270 α’
661 2215 733 2288 μὴ
757 2216 931 2282 οἷδεν;
968 2218 1132 2273 Πάνυ
1151 2220 1252 2288 μὲν
1270 2239 1402 2286 ουν,
1442 2222 1546 2315 ἔφη
1559 2259 1574 2286 ,
1613 2239 1801 2282 ουτως.

131 2301 263 2350 Νῦν
284 2299 369 2367 δέ,
399 2300 474 2368 ἦν
494 2296 546 2352 δ’
571 2299 706 2370 ἐγώ,
740 2297 872 2373 ὁρᾷς
906 2298 990 2355 ὅτι
1020 2298 1272 2370 οὐδαμοῦ
1292 2299 1557 2398 ἐπιστήμη
1580 2296 1807 2369 οὐδεμία

129 2378 353 2448 τοιαύτη
393 2383 534 2435 οὐσα
570 2385 857 2452 πέφανται.
919 2382 1086 2482 Ορω,
1134 2386 1253 2452 ἔφη.
1322 2375 1434 2450 Ἆρ’
1477 2383 1609 2448 οῦν,
1646 2383 1718 2450 ῆν
1754 2379 1807 2434 δ’

65 2471 96 2511 Β
130 2457 263 2530 ἐγω,
302 2458 450 2515 τοῦτ’
491 2467 598 2532 ἔχει
630 2462 690 2518 τὸ
730 2463 950 2535 άγαθὸν
983 2462 1055 2537 ἣν
1083 2471 1191 2520 νῦν
1218 2462 1545 2534 εὑρίσκομεν
1579 2478 1806 2532 σωφρο-

129 2540 307 2612 σύνην
342 2537 544 2613 οὖσαν,
583 2544 642 2600 τὸ
685 2548 987 2618 ἐπιστήμην
1023 2550 1350 2602 ἐπίστασθαι
1386 2546 1476 2600 καὶ
1512 2543 1805 2615 οἷνεπιστη-

128 2624 397 2696 μοσύνην,
418 2623 502 2680 ὅτι
522 2624 550 2680 ὁ
572 2628 777 2697 ταύτην
797 2634 952 2699 ἔχων,
977 2628 1011 2684 ὅ
1029 2652 1080 2684 τι
1101 2626 1171 2684 ὄίν
1191 2629 1324 2684 ἄλλο
1347 2629 1637 2699 μανθάνῃ,
1660 2628 1802 2701 ῥᾷόν

128 2728 184 2761 τε
204 2707 510 2777 μαθήσεται
530 2711 620 2764 καὶ
641 2712 1005 2780 ἐναργέστερα
1028 2711 1206 2766 πάντα
1226 2708 1378 2783 αύτῷ
1398 2722 1676 2780 φανεῖται,
1705 2708 1799 2765 ἅτε

125 2788 265 2857 πρὸς
305 2789 512 2864 ἑκάστῳ
558 2784 605 2865 ᾦ
643 2788 714 2846 ὄὶν
753 2794 1019 2864 μανθάνῃ
1048 2797 1508 2863 προσκαθορεὸντι
1544 2814 1646 2864 την
1684 2795 1803 2848 ἐπι-
