1962 3112
209 62 311 114 408
829 63 1003 110 ΠΛΑ
1019 63 1118 110 ΤΩ
1132 65 1187 111 Ν
1198 65 1240 112 O
1252 67 1302 111 Σ
1829 74 1886 120 46

211 205 349 267 θον,
371 195 405 253 ἂ
424 194 593 262 αὐτὸς
613 196 847 266 εἰργάσω
863 218 873 228 ·
907 200 983 250 ἔτι
1014 193 1079 250 τὰ
1103 193 1429 268 ὑποδήματα
1450 196 1484 253 ἃ
1510 199 1644 271 εἶχες
1664 205 1886 272 ἔφησθα

211 278 377 345 αὐτὸς
393 286 816 350 σκυτοτομῆσαι,
837 279 927 334 καὶ
946 276 1007 333 τὸ
1029 278 1248 348 ἱμάτιον
1267 277 1479 351 ὑφῆναι
1498 284 1590 337 καὶ
1607 281 1705 337 τὸν
1725 304 1882 352 χιτω-

210 365 431 415 νίσκον·
470 363 561 417 καὶ
598 360 630 415 ὅ
666 382 728 430 γε
768 367 938 415 πᾶσιν
969 363 1154 426 ἔδοξεν
1184 359 1539 417 ἀτοπώτατον
1569 365 1658 419 καὶ
1688 371 1886 435 σοφίας
1956 374 1962 422 ’ῑ

212 450 467 516 πλείστης
486 447 796 516 ἐπίδειγμα,
835 443 1018 515 ἐπειδὴ
1041 443 1143 514 τὴν
1164 445 1343 515 ζώνην
1365 449 1584 515 ἔφησθα
1608 452 1704 500 τοῦ
1722 468 1885 516 χιτω-

213 534 409 583 νίσκου
423 570 436 595 ,
459 525 531 598 ἢν
553 525 709 598 εἶχες,
743 525 880 582 εἶναι
902 526 1004 597 μὲν
1026 523 1135 581 οἷαι
1158 530 1218 581 αἱ
1231 531 1498 596 Περσικαὶ
1518 533 1630 582 τῶν
1651 535 1884 584 πολυτεο

211 615 324 664 λῶν
339 651 352 674 ,
372 608 579 678 ταύτην
602 608 659 663 δὲ
691 605 858 672 αὐτὸς
886 609 1098 673 πλέξαι·
1138 608 1274 677 πρὸς
1294 613 1352 663 δὲ
1371 610 1586 674 τούτοις
1607 610 1883 681 ποιήματα

211 693 350 761 ἔχων
370 693 573 759 ἐλθεῖν,
594 692 683 745 καὶ
703 695 802 760 ἔπη
823 691 913 745 καὶ
933 693 1236 763 τραγῳδίας
1255 693 1347 746 καὶ
1369 692 1772 764 διθυράμβους,
1793 692 1882 747 καὶ

146 786 180 830 D
212 771 600 842 καταλογάδην
613 769 854 836 πολλοὺς
867 771 1070 841 λόγους
1082 773 1171 827 καὶ
1184 772 1572 838 παντοδαποὺς
1593 776 1884 844 συγκειμέ-

212 874 344 916 νους
359 875 372 888 ·
394 854 484 908 καὶ
502 854 624 924 περὶ
645 859 757 908 τῶν
776 859 982 923 τεχνῶν
1004 852 1068 923 δὴ
1093 846 1173 908 ὦν
1189 850 1314 924 ἀρτι
1329 854 1433 924 ἐγώ
1455 861 1644 926 ἔλεγον
1664 854 1885 926 ἐπιστή-

211 957 333 1005 μων
365 933 667 1004 ἀφικέσθαι
692 934 1065 1005 διαφερόντως
1082 940 1194 988 τῶν
1214 933 1426 1005 ἄλλων,
1467 939 1555 993 καὶ
1586 939 1707 1007 περὶ
1738 939 1884 1009 ῥυθ-

211 1024 333 1088 μῶν
352 1018 444 1072 καὶ
464 1015 751 1087 ἁρμονιῶν
771 1019 861 1072 καὶ
889 1017 1225 1087 γραμμάτων
1256 1015 1588 1090 ὀρθότητος,
1627 1021 1718 1075 καὶ
1745 1018 1883 1075 ἄλλα

211 1102 288 1153 ἐτι
308 1097 447 1168 πρὸς
465 1097 682 1162 τούτοις
701 1099 852 1152 πάνυ
872 1098 1074 1167 πολλά,
1100 1120 1172 1163 ως
1191 1096 1295 1168 ε’γω
1322 1102 1469 1154 δοκω
1487 1099 1880 1202 μνημονεύειν·

210 1187 387 1237 καίτοι
406 1181 471 1235 τό
490 1203 551 1251 γε
577 1179 921 1251 μνημονικὸν
941 1182 1299 1269 ἐπελαθόμην
1320 1198 1450 1252 σου,
1484 1179 1556 1245 ὠς
1586 1187 1757 1251 ἔ,οικε
1793 1185 1883 1236 τέ-

209 1285 413 1333 χνημα,
444 1265 504 1317 ἐν
526 1263 568 1337 ᾦ
594 1279 663 1316 συ
686 1270 786 1318 οἰει
805 1261 1184 1332 λαμπρότατος
1204 1262 1370 1317 εἶναι·
1392 1262 1540 1334 οἶμαι
1560 1264 1618 1319 δε
1636 1268 1725 1319 καὶ
1745 1263 1882 1318 ἄλλα

147 1361 180 1404 Ε
213 1348 507 1418 πάμπολλα
539 1350 928 1418 ἐπιλελῆσθαι
928 1344 1066 1404 ἀλλ’
1089 1345 1224 1417 ὅπερ
1257 1345 1361 1416 ἐγώ
1385 1349 1553 1417 λέγω,
1585 1348 1674 1401 καὶ
1695 1351 1769 1410 εἰς
1787 1368 1884 1410 τας

210 1436 422 1485 σαυτοῦ
451 1432 640 1499 τέχνας
667 1430 872 1500 βλέψας
900 1422 970 1469 ‘—
998 1430 1180 1484 ἱκαναὶ
1220 1430 1281 1483 δέ
1311 1462 1374 1469 -
1403 1430 1493 1484 καὶ
1532 1432 1606 1492 εἰς
1639 1428 1734 1492 τάς
1769 1434 1882 1482 τῶν

209 1512 393 1567 ἄλλων
431 1515 548 1566 εἰπέ
582 1533 700 1582 μοι,
740 1511 837 1565 ε’άν
866 1531 976 1565 που
1007 1510 1173 1583 εὕρῃς
1202 1512 1260 1564 ἐκ
1293 1516 1403 1565 τῶν
1443 1508 1882 1580 ὡμολογημένων

208 1597 331 1664 ἐμοί
358 1615 414 1648 τε
446 1595 533 1647 καὶ
572 1596 685 1662 σοί,
726 1590 869 1645 ὅπου
899 1593 1046 1646 ἐστὶν
1069 1589 1096 1647 ὁ
1120 1614 1220 1662 μεν
1240 1591 1478 1663 ἀληθής,
1518 1590 1546 1647 ὁ
1579 1592 1637 1648 δε
1657 1591 1880 1661 ψευδής,

207 1677 372 1746 χωρὶς
405 1677 494 1730 καὶ
530 1672 629 1744 οὐχ
668 1671 696 1729 ὁ
739 1671 929 1740 αύτός;
969 1677 1030 1728 ἐν
1068 1667 1107 1745 ᾗ
1144 1696 1252 1728 τινι
1286 1674 1476 1745 βούλει
1516 1679 1685 1747 σοφίᾳ
1714 1679 1878 1728 τοῦτο

96 1767 181 1815 ³69
210 1761 408 1823 σκέψαι
443 1754 480 1853 η’
518 1762 831 1828 πανουργία
871 1779 904 1825 η
937 1754 1127 1810 ὁτιοῦν
1165 1763 1367 1826 χαίρεις
1404 1754 1719 1859 ὀνομάζων·
1759 1750 1881 1809 ἀλλ’

211 1838 311 1910 ούχ
330 1836 596 1909 εὑρησεις,
622 1861 663 1892 ω
685 1839 889 1906 ἑταῖρε
912 1834 980 1890 οὐ
1003 1834 1108 1905 γάρ
1128 1840 1298 1891 ε’·στιν
1321 1839 1432 1892 ἐπεὶ
1453 1835 1523 1891 σὺ
1545 1840 1673 1891 εἰπέ.

347 1930 431 1978 ΧΙ.
505 1927 607 1978 ΙΠ.
658 1919 804 1976 Ἀλλ’
828 1920 930 1975 οὐκ
949 1926 1070 1990 ἔχω,
1093 1942 1134 1973 ω
1159 1920 1467 1990 Σώκρατες,
1488 1926 1596 1974 νῦν
1611 1941 1672 1990 γε
1691 1917 1879 1982 ούτως.

351 2011 475 2061 ΣΩ.
539 2002 693 2060 Οὐδέ
726 2026 787 2072 γε
820 2005 980 2073 ε’ξεις,
1022 2000 1093 2067 ὡς
1124 2006 1355 2074 ἐγωμαι·
1394 2008 1443 2057 εί
1477 2000 1527 2056 δ’
1563 2000 1668 2070 ε’γω
1698 1999 1883 2071 ἀληθῆ

209 2091 368 2160 λέγω,
391 2090 662 2158 μέμνησαι
682 2084 713 2141 ὃ
736 2084 868 2156 ἡμῖν
891 2091 1182 2157 συμβαίνει
1199 2087 1257 2140 ἐκ
1277 2091 1378 2140 τοῦ
1398 2085 1598 2155 λόγου,
1621 2077 1667 2139 ὦ
1688 2082 1879 2139 Ἱππία.

346 2176 446 2226 ΙΠ.
501 2168 585 2224 Ού
605 2170 755 2224 πάνυ
774 2191 825 2224 τι
848 2172 1050 2240 ε’ννοω,
1074 2191 1114 2223 ω
1138 2164 1509 2238 Σώκρατες,ὁ
1480 2166 1716 2236 ολέγεις.

348 2257 471 2307 ΣΩ.
530 2253 683 2307 Νυνι
711 2273 818 2322 γαρ
853 2259 983 2315 ἰσως
1012 2249 1080 2304 ού
1107 2258 1214 2322 χρῇ
1242 2272 1315 2305 τω
1350 2269 1670 2322 μνημονικω
1690 2245 1883 2318 τεχνή-

206 2355 358 2404 ματι·
385 2338 557 2405 δῆλον
575 2332 683 2403 γάρ
702 2330 785 2388 ὅτι
806 2330 908 2388 οὐκ
930 2340 1033 2387 οἰέι
1049 2335 1191 2386 δεῖν·
1216 2329 1336 2386 ἀλλ’
1359 2330 1467 2401 ἐγώ
1487 2348 1547 2384 σε
1564 2327 1881 2399 ὑπομνήσω.

206 2414 427 2471 οῖσθα’
395 2437 480 2470 οτι
506 2413 608 2471 τόν
629 2437 728 2485 μεν
745 2413 981 2484 Ἀχιλλέα
1014 2419 1235 2484 ἔφησθα
1271 2412 1453 2484 ἀληθῆ
1486 2410 1652 2481 εἶναι,
1696 2408 1794 2465 τόν
1824 2410 1883 2464 δε

150 2507 182 2550 Β
203 2492 470 2551 Ὀδυσσέα
490 2501 671 2568 ψευδῆ
690 2497 778 2552 καὶ
800 2496 1178 2564 πολύτροπον;

349 2584 448 2632 ΙΠ.
508 2584 635 2633 Ναί.

345 2664 469 2713 ΣΩ.
533 2665 663 2714 Νῦν
694 2655 799 2714 οὖν
829 2659 1118 2728 αἰσθάνει,
1151 2655 1234 2712 ὅτι
1265 2656 1646 2726 ἀναπέφανται
1666 2652 1694 2709 ὁ
1718 2654 1883 2719 αυτὸς

207 2735 288 2795 ὢν
307 2737 517 2810 ψευδής
535 2759 592 2793 τε
612 2740 702 2794 καὶ
722 2737 952 2809 ἀληθής,
977 2738 1022 2794 <13
1027 2757 1116 2793 στε
1137 2743 1186 2793 εἰ
1202 2736 1410 2807 ψευδὴς
1430 2735 1457 2792 ὁ
1476 2734 1772 2801 Ὀδυσσεὺς
1792 2731 1883 2808 ἦν,
