2020 3094
268 148 337 198 42
414 208 418 210 ,
884 147 1364 196 ΠΛΑΤΩΝΟΣ

269 287 418 337 στῶν
435 303 493 336 τε
511 283 604 337 καὶ
625 286 903 351 πονηρῶν,
921 283 969 334 εἰ
978 277 1050 350 μὴ
1074 277 1262 345 αὐτοῖς
1272 282 1562 336 ἐπίστευον
1577 284 1780 347 ἱκανῶς
1798 285 1936 338 εἰδέ-

269 387 376 420 ναι.
415 362 482 419 τοὶ
503 368 604 435 μὲν
623 356 728 418 οὖν
747 361 885 417 ἄλλα
905 366 1076 431 ἔγωγε
1099 361 1315 427 τούτοις
1329 363 1572 418 πιστεύω
1585 386 1596 396 ·
1632 363 1716 419 ὅτι
1737 365 1797 419 δὲ
1817 367 1939 420 δια-
2016 392 2020 420 ,¹

269 448 553 517 φέρεσθον
576 444 855 516 ἀλλήλοιν,
878 444 1185 515 ἐθαύμασα.
1224 450 1388 499 τοῦτο
1409 437 1515 500 οὖν
1533 462 1638 501 σου
1655 444 1763 516 ἐγώ
1783 444 1935 502 ἄντι-
2016 477 2020 482 <

270 530 486 598 δέομαι,
525 520 570 582 ὦ
587 532 895 598 Λυσίμαχε,
933 525 1191 595 καθάπερ
1220 525 1346 598 ἄρτι
1362 528 1549 599 Λάχης
1577 529 1648 600 μὴ
1669 527 1943 600 ἄφίεσθαί
2016 539 2020 574 ἕ

270 627 330 665 σε
349 612 489 679 ἐμοῦ
508 608 844 664 διεκελεύετο
865 607 1005 665 ἀλλὰ
1017 612 1256 682 ἐρωτᾷν,
1298 611 1388 666 καὶ
1418 610 1525 681 ἐγώ
1555 617 1666 667 νῦν
1693 631 1934 681 παρακε-
2014 624 2020 665 ³.

268 693 504 762 λεύομαί
519 710 606 747 σοι
626 690 699 763 μὴ
720 689 986 762 ἀφίεσθαι
1006 691 1254 763 Λάχητος
1272 694 1407 763 μηδὲ
1424 698 1647 764 Νικίου,
1669 691 1783 749 ἀλλ’
1797 696 1935 763 ἐρω-

208 785 241 824 Ε
271 782 375 848 τᾷν
398 777 655 845 λέγοντα,
695 773 780 828 ὅτι
810 772 839 829 ὁ
869 774 969 843 μὲν
987 774 1292 845 Σωκράτης
1311 773 1380 830 οὔ
1400 791 1572 846 φησιν
1591 778 1796 831 ἐπαΐειν
1817 779 1941 848 περὶ
2017 788 2020 810 ³

269 865 371 914 τοῦ
406 858 750 929 πράγματος,
796 854 919 911 οὐδ’
962 854 1151 920 ἱκανὸς
1188 855 1328 911 εἶναι
1365 861 1639 927 διακρῖναι
1675 857 1940 928 ὁπότερος

268 937 430 1010 ὑμῶν
459 938 647 1009 ἀληθῆ
677 942 845 1009 λέγει·
880 938 1009 994 οὔτε
1029 936 1135 1009 γάρ
1167 936 1392 1009 εὑρετὴς
1410 936 1539 996 οὔτε
1568 940 1821 1013 μαθητὴς
1840 940 1940 998 ού-

271 1020 432 1085 δενός
460 1023 584 1091 περὶ
612 1027 726 1075 τῶν
743 1019 1013 1075 τοιούτων
1039 1023 1354 1090 γεγονέναι·
1393 1021 1465 1076 σύ
1488 1021 1562 1094 δ’,
1584 1016 1629 1078 ὦ
1646 1024 1831 1095 Λάχης
1849 1027 1938 1080 καὶ

267 1108 438 1159 Νικία
455 1146 468 1172 ,
502 1109 718 1159 εἴπετον
736 1100 868 1172 ἡμῖν
887 1101 1166 1173 ἑκάτερος,
1195 1108 1303 1159 τίνι
1332 1102 1398 1174 δὴ
1422 1107 1716 1179 δεινοτάτῳ
1736 1125 1940 1177 συγγε-

267 1187 511 1256 γόνατον
527 1185 652 1254 περὶ
670 1190 767 1255 τῆς
786 1190 899 1238 τοῖν
918 1186 1063 1239 νέων
1078 1191 1312 1257 τροφῆς,
1351 1187 1441 1241 καὶ
1468 1186 1674 1256 πότερα
1693 1189 1939 1258 μαθόντε
2017 1255 2020 1261 1

269 1269 420 1337 παρά
447 1290 547 1324 του
577 1270 918 1323 ἐπίστασθον
945 1262 982 1337 ἢ
1004 1265 1153 1322 αὐτώ
1174 1268 1488 1338 ἐξευρόντε,
1526 1270 1617 1325 καὶ
1650 1274 1700 1325 εἰ
1714 1270 1815 1341 μὲν
1833 1293 1934 1341 μαη
2016 1282 2020 1319 ἒ

153 1360 235 1407 187
266 1353 466 1422 θόντε,
502 1356 582 1415 τίς
619 1348 648 1407 ὁ
683 1349 1014 1413 διδάσκαλος
1045 1350 1281 1423 ἑκατέρῳ
1310 1353 1400 1405 καὶ
1426 1356 1570 1415 τίνες
1607 1349 1764 1407 ἄλλοι
1799 1350 1935 1423 ὁμό-

266 1455 446 1505 τεχνοι
467 1431 669 1500 αὐτοῖς,
682 1429 770 1501 ἵν’,
784 1427 856 1486 ἄν
872 1428 944 1501 μὴ
967 1428 1102 1501 ὑμῖν
1114 1430 1280 1503 σχολὴ
1301 1426 1338 1504 ᾖ
1357 1429 1463 1487 ὑπὸ
1484 1439 1598 1488 τῶν
1615 1439 1710 1505 τῆς
1727 1434 1937 1501 πόλεως
2018 1432 2020 1434 ’

265 1516 632 1586 πραγμάτων,
671 1512 751 1569 ἐπ’
772 1516 1017 1577 ἐκείνους
1046 1521 1217 1584 ἴωμεν
1245 1517 1334 1570 καὶ
1363 1520 1647 1586 πείθωμεν
1673 1511 1711 1587 ἦ
1741 1516 1939 1586 δώροις
2017 1560 2020 1561 ⁷

265 1594 303 1669 ἦ
338 1597 557 1668 χάρισιν
591 1593 627 1666 ἦ
654 1593 942 1667 ἀμφότερα
971 1597 1368 1667 ἐπιμεληθῆναι
1394 1598 1483 1651 καὶ
1517 1603 1630 1651 τῶν
1656 1595 1939 1668 ἡμετέρων

267 1682 359 1736 καὶ
377 1685 492 1734 τῶν
508 1676 794 1748 ὑμετέρων
812 1681 1050 1748 παίδων,
1089 1676 1240 1743 ὅπως
1269 1676 1342 1749 μὴ
1375 1678 1778 1749 καταισχύνωσι
1807 1679 1939 1746 τούς

267 1760 456 1817 αὐτῶν
485 1759 798 1831 προγόνους
826 1767 1032 1831 φαῦλοι
1051 1760 1338 1830 γενόμενοι
1352 1782 1363 1792 ·
1404 1765 1454 1816 εἰ
1471 1758 1522 1816 δ’
1545 1759 1700 1817 αὐτοὶ
1721 1761 1936 1833 εὑρεταὶ

266 1843 528 1914 γεγονότε
541 1849 642 1897 τοῦ
654 1842 928 1913 τοιούτου,
944 1841 1068 1897 δότε
1080 1840 1441 1912 παράδειγμα,
1454 1847 1623 1897 τίνων
1631 1840 1737 1913 ἤδη
1753 1842 1936 1899 ἄλλων

266 1927 686 1996 ἐπιμεληθέντες
715 1928 773 1980 ἐκ
806 1924 1040 1995 φαύλων
1063 1923 1270 1989 καλούς
1294 1945 1352 1979 τε
1370 1922 1658 1994 κάγαθούς
1676 1925 1936 1995 ἐποιήσα-

203 2019 237 2059 Β
267 2029 341 2063 τε.
397 2013 447 2063 εἰ
472 2007 578 2077 γὰρ
609 2015 718 2063 νῦν
745 2013 967 2076 πρῶτον
986 2006 1222 2078 ἄρξεσθε
1241 2005 1548 2076 παιδεύειν,
1590 2017 1817 2062 σκοπεῖν
1833 2007 1937 2079 χρὴ

264 2089 337 2161 μὴ
370 2086 473 2144 οὐκ
502 2092 564 2144 έν
590 2096 668 2163 τῷ
684 2090 830 2158 Καρὶ
859 2086 990 2160 ὑμῖν
1019 2087 1048 2144 ὁ
1080 2091 1341 2152 κίνδυνος
1367 2086 1783 2158 κινδυνεύηται,
1822 2087 1935 2144 ἀλλ’

264 2172 325 2225 ἐν
343 2181 455 2234 τοῖς
474 2172 615 2225 υἱέσι
643 2192 701 2225 τε
723 2172 814 2225 καὶ
834 2173 894 2226 ἐν
912 2182 1024 2234 τοῖς
1040 2175 1153 2224 τῶν
1174 2173 1353 2239 φίλων
1371 2174 1550 2240 παισί,
1588 2171 1681 2224 καὶ
1699 2167 1937 2240 ἀτεχνῶς

263 2250 325 2306 τὸ
354 2251 657 2322 λεγόμενον
685 2251 823 2308 κατὰ
853 2250 956 2323 τὴν
983 2255 1281 2321 παροιμίαν
1308 2249 1442 2322 ὑμῖν
1471 2257 1747 2324 συμβαίνῃ
1765 2254 1827 2308 ἐν
1844 2259 1936 2308 πί·-

265 2340 354 2406 &cp
373 2331 407 2403 ἡ
427 2339 688 2405 κεραμεία
705 2337 1019 2406 γιγνομένη.
1075 2336 1257 2402 λέγετε
1278 2326 1410 2403 οὖν,
1439 2338 1499 2389 τί
1511 2333 1726 2388 τούτων
1741 2330 1779 2404 ἦ
1797 2335 1934 2404 φατὲ

264 2412 399 2484 ὑμῖν
430 2412 700 2485 ὑπάρχειν
727 2437 785 2471 τε
814 2417 906 2471 καὶ
935 2414 1263 2486 προσήκειν,
1301 2411 1339 2485 ἢ
1363 2413 1435 2469 οὔ
1463 2437 1615 2485 φατε.
1670 2414 1846 2487 ταῦτ’,
1888 2412 1935 2472 ὦ

262 2501 569 2566 Λυσίμαχε,
609 2495 733 2566 παρ’
754 2496 940 2552 αὐτῶν
968 2497 1270 2553 πυνθάνου
1297 2518 1355 2552 τε
1384 2498 1474 2552 καὶ
1501 2495 1574 2566 μὴ
1604 2502 1784 2566 μεθίει
1805 2498 1934 2564 τούς

263 2576 485 2645 ἄνδρας.

403 2664 509 2713 XII.
582 2663 696 2713 ΛΤ.
747 2663 945 2724 Καλῶς
963 2660 1064 2730 μὲν
1082 2664 1265 2731 ἔμοιγε
1288 2663 1462 2727 δοκεῖ,
1497 2651 1542 2712 αἶ
1558 2657 1780 2728 ἄνδρες,
1801 2667 1931 2715 Σω-

206 2753 238 2795 O
266 2736 471 2809 κράτης
488 2741 690 2810 λέγειν·
729 2740 854 2796 εἰδὲ
871 2746 1230 2813 βουλομένοις
1251 2738 1382 2811 ὑμῖν
1397 2739 1506 2794 ἐστὶ
1536 2739 1659 2808 περὶ
1688 2745 1801 2794 τῶν
1817 2763 1932 2796 τοι-

264 2821 445 2876 ούτων
474 2824 789 2893 ἐρωτᾶσθαί
812 2845 869 2879 τε
899 2826 990 2879 καὶ
1017 2825 1231 2880 διδόναι
1261 2823 1457 2892 λόγον,
1496 2818 1700 2885 αὐτοὺς
1731 2819 1797 2892 δὴ
1828 2822 1929 2892 χρὴ
