1962 3112
227 142 324 193 166
835 144 1312 192 ΠΛΑΤΩΝΟΣ
1844 151 1900 198 78

159 290 189 329 r)
224 299 317 349 μοι
347 299 529 348 μακρα
560 280 718 348 λέγῃ,
757 274 1197 346 ἐπιλανθάνομαι
1237 280 1362 349 περὶ
1392 271 1464 333 οὗ
1492 274 1567 333 ἂν,
1592 273 1630 351 ᾖ
1659 275 1688 335 ὁ
1718 279 1899 350 λόγος.

227 358 411 428 ὥσπερ
429 354 527 414 οὖν
547 402 562 430 ,
589 363 639 414 εἰ
655 359 959 430 ἐτύγχανον
977 355 1280 428 ὑπόκωφος
1303 359 1409 430 ὤν,
1443 359 1490 434 9’2‘
1494 382 1561 415 ov
1579 358 1652 415 o'c'v
1679 368 1896 432 χρῆναι,

225 451 376 512 εἴπερ
397 444 612 512 ἔμελλές
631 464 724 513 μοι
743 445 1112 511 διαλέξεσθαι,
1135 445 1320 512 μεῖζον
1337 445 1688 513 φθέγγεσθαι
1705 439 1742 514 ἢ
1762 441 1900 512 πρὸς

222 524 351 590 τοὺς
371 523 576 590 ἄλλους
590 568 604 594 ,
636 524 782 581 οὕτω
803 526 895 581 καὶ
915 531 1048 594 νῦν,
1084 523 1269 595 ἐπειδὴ
1293 524 1614 596 ἐπιλήσμονι
1634 528 1895 597 ἐνέτυχες,

223 608 497 678 σύντεμνέ
521 628 614 677 μοι
652 604 749 671 τὰς
779 604 1094 674 ἀποκρίσεις
1136 607 1227 661 καὶ
1262 609 1601 677 βραχυτέρας
1637 612 1806 677 ποίει,
1849 612 1899 661 εἰ

222 692 401 759 μέλλω
422 706 511 744 σοι
529 690 777 743 ἕπεσθαι.
816 695 947 754 Πῶς
966 682 1070 745 οὖν
1089 688 1332 753 κελεύεις
1354 711 1420 759 με
1441 691 1644 760 βραχέα
1662 687 1891 759 άποκρί-

222 780 447 838 νεσθαι;
488 768 525 843 ἢ
543 771 853 844 βραχύτερά
874 788 988 843 σοι,
1011 776 1144 843 ἔφη,
1165 770 1546 842 ἀποκρίνωμαι
1563 767 1601 843 ἢ
1621 776 1725 836 δεῖς
1762 779 1889 842 Μη-

175 859 435 927 Εδαμοός,
473 848 546 926 ἦν
568 854 616 909 δ’
644 854 764 925 ἐγώ.
816 853 950 910 Ἀλλ’
973 853 1076 910 ὅσα
1107 859 1214 923 δεῖ;
1253 860 1373 926 ἔφη.
1425 860 1564 925 Ναί,
1600 848 1674 926 ἦν
1693 853 1742 909 δ’
1768 854 1892 924 ἐγώ.

220 940 437 1008 Πότερα
468 931 573 993 οὖν
603 936 708 992 ὅσα
736 940 854 1009 ἐμοὶ
886 941 1040 993 δοκεῖ
1054 942 1170 993 δεῖν
1189 936 1619 1008 ἀποκρίνεσθαι,
1651 936 1893 992 τοσαῦτά

221 1039 310 1078 σοι
329 1021 713 1092 ἀποκρίνωμαι
730 1063 742 1087 ,
781 1018 815 1090 ἢ
836 1019 939 1075 ὅσα
961 1026 1075 1087 σοί;
1126 1019 1358 1091 Ἀκήκοα
1388 1026 1560 1091 γοῦν,
1597 1013 1670 1090 ἦν
1689 1017 1740 1072 δ’
1763 1017 1889 1088 ἐγώ,

219 1104 304 1160 ὅτι
323 1104 395 1160 σύ
415 1100 529 1169 οἷός
551 1102 591 1159 τ’
614 1102 665 1158 εἷ
681 1106 771 1159 καὶ
790 1101 956 1168 αὐτὸς
982 1106 1072 1159 καὶ
1091 1103 1263 1160 ἄλλον
1285 1104 1497 1170 διδάξαι
1514 1104 1769 1173 περὶτῶν
1787 1100 1892 1157 αὐ-

218 1194 330 1242 τῶν
349 1189 440 1243 καὶ
460 1187 644 1258 μακρά
667 1188 864 1257 λέγειν,
887 1185 983 1241 ἐάν
1003 1186 1207 1258 βούλῃ,
1229 1185 1422 1257 οὕτως,
1447 1185 1584 1240 ὥστε
1603 1183 1702 1241 τὸν
1722 1183 1891 1254 λόγον

217 1274 489 1344 μηδέποτε
507 1273 802 1342 ἐπιλιπεῖν,
842 1273 932 1327 καὶ
954 1264 1026 1326 αὖ
1045 1274 1249 1342 βραχέα
1269 1270 1472 1340 οὕτως,
1515 1270 1650 1326 ὥστε
1680 1273 1889 1341 μηδένα

103 1367 186 1412 335
219 1361 323 1411 σοῦ
350 1358 410 1410 ἐν
438 1357 790 1426 βραχυτέροις
820 1361 1018 1411 εἰπεῖν·
1055 1361 1106 1411 εἰ
1133 1350 1238 1412 οὖν
1265 1359 1478 1427 μέλλεις
1511 1355 1630 1426 ἐμοὶ
1649 1357 1887 1421 διαλέξε·

218 1446 382 1507 σθαι,
421 1444 500 1511 τῷ
520 1439 682 1511 ἑτέρῳ
713 1445 827 1508 χρῶ
845 1439 1030 1512 τρόπῳ
1052 1440 1190 1506 πρός
1208 1461 1300 1509 με,
1339 1444 1404 1511 τῇ
1424 1442 1775 1510 βραχυλογία.
1822 1431 1887 1491 Ὦ

215 1519 528 1588 Σώκρατες,
551 1524 674 1591 ἔφη,
694 1518 797 1591 ἐγω
820 1527 1041 1585 πολλοῖς
1054 1519 1159 1592 ἤδη
1182 1525 1256 1585 εἰς
1276 1519 1465 1590 άγιόνα
1486 1520 1668 1589 λόγων
1689 1517 1880 1590 άφικόη

215 1625 324 1673 μην
343 1600 694 1673 ἀνθρώποις,
718 1604 809 1658 καὶ
829 1608 879 1658 εἰ
895 1609 1060 1658 τοῦτο
1081 1605 1309 1659 ἐποίουν
1329 1599 1358 1657 ὃ
1380 1600 1451 1656 σὺ
1473 1602 1740 1672 κελεύεις,
1763 1598 1835 1666 ὣς
1853 1600 1882 1654 ὁ

213 1683 520 1755 ἀντιλέγων
557 1687 776 1741 ἐκέλευέ
806 1707 873 1756 με
910 1686 1291 1755 διαλέγεσθαι,
1349 1683 1495 1739 οὕτω
1543 1681 1880 1753 διελεγόμην,

212 1764 438 1831 οὐδενὸς
473 1763 547 1821 ἂν
573 1772 805 1837 βελτίων
832 1767 1140 1838 ἐφαινόμην
1170 1764 1292 1821 οὐδ’
1317 1762 1388 1821 ἂν
1416 1766 1630 1834 ἐγένετο
1651 1770 1869 1833 Πρωτα-

211 1848 388 1918 γόρου
408 1848 585 1918 ὄνομα
608 1851 669 1903 ἐν
686 1860 799 1913 τοῖς
813 1846 1088 1919 Ἕλλησιν.
1145 1849 1234 1903 καὶ
1255 1848 1362 1917 ἐγώ
1385 1881 1456 1889 ——-
1473 1851 1652 1916 ἔγνων
1668 1845 1776 1917 γάρ
1798 1845 1878 1901 ὅτι

213 1929 315 1986 οὐκ
335 1929 537 2002 ἤρεσεν
559 1927 727 1995 αὐτὸς
756 1927 909 2005 αὑτῷ
926 1942 1042 1995 ταῖς
1070 1927 1391 1998 ἀποκρίσεσι
1409 1939 1526 1992 ταῖς
1545 1931 1879 1998 ἔμπροσθεν,

162 2024 195 2064 Β
214 2013 304 2068 καὶ
324 2010 408 2067 ὅτι
426 2009 530 2067 οὐκ
551 2011 810 2083 ἐθελήσοι
840 2011 983 2067 ἑκὼν
1012 2010 1152 2067 εἶναι
1172 2009 1609 2080 ἀποκρινόμενος
1637 2012 1878 2079 διαλέγε-

213 2102 351 2150 σθαι
369 2129 440 2137 -
467 2091 814 2165 ἡγησάμενος
844 2092 1030 2150 οὐκέτι
1050 2091 1184 2164 ε’μόν
1203 2096 1368 2163 ἔργον
1389 2090 1526 2147 εἶναι
1544 2102 1799 2161 παρεῖναι
1820 2093 1875 2146 ἐν
1947 2162 1949 2166 ⁴

210 2188 326 2242 ταῖς
350 2181 698 2246 συνουσίαις,
728 2173 889 2231 ’Λλλά
916 2197 1030 2247 τοι,
1069 2180 1238 2246 ἔφην,
1280 2167 1715 2243 οἶΠρωταγόρα,
1753 2170 1878 2228 οὐδ’
1946 2207 1947 2214 1

210 2257 317 2327 ἐγώ
345 2264 587 2330 λιπαρῶς
616 2261 718 2328 ἔχω
747 2256 897 2327 παρὰ
923 2256 990 2312 τὰ
1019 2258 1106 2312 σοὶ
1136 2261 1412 2312 δοκοῦντα
1439 2253 1543 2326 τὴν
1572 2258 1878 2310 συνουσίαν

211 2337 344 2410 ἡμῖν
372 2345 692 2410 γίγνεσθαι,
731 2337 841 2395 ἀλλ’
866 2337 1091 2396 ἐπειδάν
1119 2337 1191 2394 σὺ
1219 2338 1398 2410 βούλῃ
1429 2340 1780 2406 διαλέγεσθαι
1811 2333 1881 2400 ὡς
1941 2349 1944 2398 ,ῖ

212 2421 318 2490 ἐγω
341 2422 584 2492 δύναμαι
603 2423 860 2492 ἕπεσθαι,
900 2421 1022 2478 τότε
1047 2438 1135 2477 σοι
1164 2422 1488 2490 διαλέξομαι.
1546 2415 1615 2471 σύ
1634 2417 1735 2486 μὲν
1753 2415 1877 2485 γάρ,

213 2501 284 2566 ὡς
309 2505 518 2572 λέγεται
539 2505 664 2572 περὶ
682 2511 813 2574 σοῦ,
836 2502 946 2576 φῂς
965 2503 1127 2559 δὲκαὶ
1147 2501 1331 2571 αὐτός,
1351 2503 1441 2557 καὶ
1460 2502 1520 2555 ἐν
1538 2504 1877 2570 μακρολογία

210 2587 301 2639 καὶ
321 2586 383 2639 ἐν
400 2591 739 2658 βραχυλογία
759 2581 873 2650 οἷός
898 2584 950 2640 τ’
972 2584 1020 2640 εἶ
1038 2589 1338 2648 συνουσίας
1357 2589 1636 2639 ποιεῖσθαι
1651 2602 1661 2611 ·
1701 2578 1878 2650 σοφὸς
1935 2581 1937 2615 ³

158 2677 189 2718 G
208 2664 316 2736 γὰρ
338 2664 409 2720 εἶ·
447 2664 555 2735 ἐγώ
577 2667 635 2722 δὲ
654 2664 720 2721 τά
741 2665 923 2737 μακρά
944 2673 1116 2722 ταῦτα
1134 2664 1422 2734 ἀδύνατος,
1438 2663 1551 2718 ἐπεὶ
1572 2662 1875 2732 ἐβουλόμην
1932 2726 1933 2730 ¹

210 2741 284 2801 ἂν
314 2742 429 2813 οἷός
457 2746 507 2802 τ’
534 2746 689 2802 εἶναι.
746 2745 884 2803 ἄλλα
908 2750 967 2803 σὲ
986 2750 1151 2818 ἐχρῆν
1170 2745 1299 2818 ἡμῖν
1330 2755 1635 2816 συγχωρεῖν
1654 2740 1754 2798 τὸν
1772 2741 1874 2813 άμ-
1930 2735 1933 2821 ᾗ

208 2828 419 2899 φότερα
441 2829 783 2900 δυνάμενον,
815 2832 908 2884 ἵνα
927 2835 1198 2885 συνουσία
1218 2830 1460 2898 ἐγίγνετο
1477 2848 1487 2858 ·
1525 2832 1634 2881 νῦν
1656 2824 1714 2880 δὲ
1734 2826 1855 2879 ἐπει
1881 2860 1885 2861 ⁷
