2020 3094
132 136 163 181 3
710 121 1256 172 ΕΤΘΤΔΗΜΟΣ.
1746 115 1813 166 91

133 265 269 332 ἐμοῦ
297 282 354 316 τε
382 263 724 330 καταγελῶσι
750 258 842 313 καὶ
868 253 971 312 τὸν
989 253 1217 311 Κόννον
1244 259 1479 309 καλοῦσι
1496 255 1817 323 γεροντοδι-

135 344 432 400 δάσκαλον.
472 339 546 411 μὴ
580 333 686 395 οὖν
712 340 803 394 καὶ
831 350 951 394 τοῖν
980 339 1163 404 ξένοιν
1188 358 1269 402 τις
1286 333 1455 392 ταύτὸ
1475 341 1639 391 τοῦτο
1665 332 1814 390 ὀνει-

134 430 286 496 δι’··σῃ
324 426 382 478 οἱ
408 419 630 477 δἀὐτὸ
660 426 824 476 τοῦτο
855 428 988 484 ἴσως
1018 418 1362 490 φοβούμενοι
1379 418 1514 489 τάχα
1533 438 1600 488 με
1620 415 1723 472 οὐκ
1743 438 1815 472 αν

133 508 382 562 ἐθέλοιεν
400 503 826 571 προσδέξασθαι.
845 500 952 571 ἐγώ
972 498 1046 569 δ’,
1080 521 1122 554 ω
1142 504 1382 570 Κρίτων,
1403 502 1575 555 ἐκεῖσε
1593 498 1694 570 μὲν
1713 496 1816 553 αλ·-

134 595 266 651 λους
287 587 515 641 πέπεικα
536 582 900 654 συμμαθητάς
917 602 1011 651 μοι
1030 586 1232 654 φοιτᾷν
1251 580 1590 653 πρεσβύτας,
1610 582 1813 636 ἐνταῦ-
1840 588 1878 631 D

132 676 212 724 θα
233 667 298 722 δέ
310 687 373 736 γε
392 666 611 734 ἑτέρους
630 663 958 734 πειράσομαι
977 670 1220 733 πείθειν,
1259 661 1440 718 καὶσὺ
1466 667 1522 718 τί
1541 683 1652 718 που
1671 678 1816 733 συμ-

133 755 324 821 φοίτα·
345 754 477 812 ἴσως
496 746 554 803 δε
573 748 767 815 δέλεαρ
787 742 975 809 αὐτοῖς
990 744 1182 815 ἕξομεν
1194 742 1324 808 τούς
1335 744 1471 809 σούς
1483 748 1643 809 υἱεῖς
1664 745 1816 814 ἐφιέ-

131 852 287 903 μενοι
308 828 415 901 γὰρ
435 832 664 885 ἐκείνων
683 823 789 882 οἶδ’
812 823 896 881 ὅτι
913 827 1006 882 καὶ
1025 823 1167 897 ἡμᾶς
1185 826 1599 881 παιδεύσουσιν.

275 918 387 969 ΚΡ.
438 908 584 966 Ἀλλ’
614 906 782 964 οὐδὲν
808 907 1039 977 κωλύει,
1082 930 1125 962 ω
1145 908 1471 978 Σώκρατες,
1508 908 1608 963 ἐάν
1634 928 1696 976 γε
1727 907 1816 963 ool

132 998 285 1067 δοκῇ.
319 999 542 1064 πρῶτον
572 994 634 1047 δέ
659 1013 752 1062 μοι
785 990 1039 1061 διήγησαι
1068 987 1170 1060 τὴν
1198 996 1403 1060 σοφίαν
1421 1002 1542 1046 τοῖν
1559 988 1810 1062 ἀνδροῖν,

130 1083 209 1140 τίς
228 1077 402 1142 ἐστιν,
421 1078 512 1130 ἵνα
534 1071 744 1143 εἰδῶ,”
713 1095 740 1127 ο
762 1095 812 1127 τι
831 1074 921 1128 καὶ
939 1072 1328 1143 μαθησόμεθα.

271 1162 331 1212 11.
398 1162 524 1212 ΣΩ.
581 1153 701 1211 Οὐκ
717 1151 788 1210 ἀν
804 1155 1048 1225 φθάνοις
1065 1153 1290 1211 ἀκούων
1305 1178 1316 1187 ·
1339 1153 1411 1222 ὦς
1426 1155 1529 1212 οὐκ
1546 1153 1618 1212 ἀν
1637 1162 1814 1228 ἔχοιμί

130 1262 192 1310 γε
212 1245 411 1310 εἰπεῖν,
449 1236 534 1293 ὅτι
554 1235 623 1294 οὐ
642 1249 934 1308 προσεῖχον
954 1235 1056 1293 τὸν
1076 1245 1217 1293 νοῦν
1237 1236 1457 1310 αὐτοῖν,
1496 1237 1635 1295 ἀλλά
1658 1239 1810 1294 πάνυ

131 1325 222 1378 καὶ
241 1333 534 1392 προσεῖχον
565 1321 655 1375 καὶ
673 1321 948 1391 μέμνημαι
961 1363 975 1390 ,
1007 1325 1104 1375 καί
1116 1337 1203 1376 σοι
1222 1320 1551 1391 πειράσομαι
1568 1323 1623 1387 ἐξ
1642 1318 1810 1393 ἀρχῆς

132 1403 349 1460 ἅπαντα
381 1404 768 1475 διηγήσασθαι.
806 1400 942 1458 κατὰ
972 1401 1115 1458 θεὸν
1142 1402 1248 1473 γάρ
1267 1424 1389 1458 τινα
1414 1408 1609 1473 ἔτυχον
1625 1402 1809 1474 καθή-
1838 1413 1869 1453 Ε

129 1507 296 1558 μενος
325 1489 605 1554 ἐνταῦθα,
645 1478 819 1556 οὗπερ
851 1485 922 1539 σύ
951 1506 1018 1555 με
1047 1483 1213 1555 εἶδες,
1253 1486 1314 1540 ἐν
1342 1490 1418 1558 τῷ
1456 1483 1808 1558 ἀποδυτηρίῳ

130 1568 329 1640 μόνος,
363 1569 455 1623 καὶ
482 1566 586 1638 ἤδη
618 1569 680 1622 έν
709 1574 791 1640 νῷ
821 1566 966 1637 εἶχον
995 1564 1326 1638 ἀναστῆναι·
1364 1565 1732 1639 ἀνισταμένου
1752 1570 1813 1622 δέ

131 1671 242 1720 μου
269 1651 484 1719 ἐγένετο
514 1647 575 1704 τὸ
609 1647 810 1714 εἰωθὸς
838 1660 1066 1720 σημεῖον
1093 1646 1153 1705 τὸ
1174 1650 1478 1720 δαιμόνιον.
1515 1649 1684 1705 πάλιν
1705 1643 1811 1704 οὖν

129 1731 497 1802 ἐκαθεζόμην,
535 1732 626 1786 καὶ
646 1729 812 1803 ὀλίγῳ
833 1729 1068 1801 ὕστερον
1089 1735 1443 1802 εἰσέρχεσθον
1464 1731 1670 1803 τούτω,
1701 1729 1734 1787 ὅ
1751 1729 1801 1786 τ’
1838 1740 1925 1786 273

131 1810 469 1883 Εὐθύδημος
497 1815 588 1867 καὶ
608 1810 637 1868 ὁ
659 1812 1115 1884 Διονυσόδωρος,
1146 1815 1238 1869 καὶ
1256 1813 1414 1870 ἄλλοι
1432 1816 1675 1886 μαθηταὶ
1696 1812 1808 1884 ἅμα

130 1892 198 1949 οὑ
221 1895 415 1950 πολλοὶ
441 1896 559 1964 ἐμοὶ
590 1898 800 1948 δοκεῖν·
839 1895 1183 1960 εἰσελθόντες
1214 1896 1272 1952 δὲ
1302 1901 1716 1966 περιεπατείτην
1748 1898 1809 1951 έν

129 1982 205 2049 τῷ
237 1977 549 2049 καταστέγῳ
581 1976 786 2048 δρόμῳ.
822 1978 915 2031 καὶ
945 1975 1102 2031 οὔπω
1132 1977 1310 2031 τούτω
1332 1974 1427 2032 δύ’
1456 1973 1493 2047 ἦ
1513 1988 1656 2047 τρεῖς
1675 1977 1809 2044 δρό-

132 2078 272 2126 μους
291 2056 725 2127 περιεληλυθότε
744 2055 945 2128 ἤστην,
983 2059 1073 2112 καὶ
1106 2060 1401 2129 εἰσέρχεται
1420 2064 1702 2128 Κλεινίας,
1741 2055 1808 2114 ὃν

131 2137 203 2193 σὺ
221 2136 333 2210 φῂς
350 2138 495 2194 πολὺ
514 2141 920 2210 ἐπιδεδωκέναι,
942 2137 1126 2211 ἀληθῆ
1146 2143 1345 2211 λέγων·
1367 2140 1603 2197 ὄπισθεν
1626 2143 1683 2197 δὲ
1703 2138 1809 2195 αὐ-

130 2225 231 2274 τοῦ
249 2221 470 2288 ἐρασταὶ
487 2219 637 2275 πάνυ
651 2226 850 2276 πολλοί
862 2242 919 2275 τε
936 2223 1024 2276 καὶ
1041 2220 1199 2277 ἄλλοι
1214 2225 1304 2277 καὶ
1315 2222 1654 2294 Κτήσιππος,
1676 2244 1809 2278 νεα-

130 2308 319 2368 νίσκος
337 2325 418 2368 τις
435 2304 735 2368 Παιανιεύς
749 2346 762 2368 ,
794 2303 941 2374 μάλα
961 2304 1129 2369 καλός
1149 2326 1206 2360 τε
1226 2303 1476 2376 κάγαθὸς
1493 2305 1594 2376 τὴν
1614 2305 1803 2377 φύσιν,

130 2381 268 2439 ὅσον
286 2385 360 2455 μή
383 2383 644 2456 ὑβριστὴς
664 2384 752 2440 διὰ
771 2383 832 2441 τό
864 2388 988 2451 νέος
1017 2385 1172 2442 εἶναι.
1210 2389 1347 2443 ἰδών
1378 2382 1484 2444 οὖν
1502 2411 1567 2460 με
1590 2386 1618 2444 ὁ
1641 2394 1806 2445 Κλει-
1841 2395 1874 2436 Β

132 2470 252 2531 νίας
281 2465 388 2522 ἀπὸ
422 2476 517 2538 τῆς
547 2469 769 2523 εἰσόδου
806 2466 984 2539 μόνον
1021 2469 1375 2542 καθήμενον,
1414 2468 1676 2540 ἄντικρυς
1705 2470 1807 2527 ἰών

132 2554 533 2616 παρεκαθέζετο
555 2553 613 2605 ἐκ
642 2554 847 2619 δεξιᾶς,
889 2549 1074 2620 ὥσπερ
1105 2554 1194 2607 καὶ
1228 2550 1299 2607 σύ
1330 2553 1464 2623 φῄς·
1506 2553 1718 2617 ἰδόντες
1749 2552 1807 2608 δὲ

131 2629 303 2685 αι’·τόν
331 2630 365 2686 ὅ
394 2653 450 2687 τε
481 2634 911 2701 Διονυσόδωρος
932 2635 1020 2689 καὶ
1051 2631 1080 2688 ὁ
1101 2631 1440 2705 Εὐθύδημος
1465 2640 1687 2702 πρῶτον
1705 2632 1807 2704 μὲν

131 2712 414 2769 ἐπιστάντε
446 2717 803 2785 διελεγέσθην
833 2713 1122 2786 ἀλλήλοιν,
1162 2714 1336 2786 ἄλλην
1364 2718 1453 2771 καὶ
1473 2715 1647 2786 ἀλλην
1666 2713 1808 2771 ἀπο-

132 2800 424 2862 βλέποντες
454 2803 529 2862 εἰς
559 2797 723 2868 ἡμᾶς·
763 2800 851 2854 καὶ
882 2799 987 2868 γὰρ
1017 2799 1166 2853 πάνυ
1188 2798 1378 2854 αὐτοῖν
1398 2812 1691 2868 προσεῖχον
1709 2797 1811 2853 τὸν
