1962 3112
189 173 294 225 222
795 176 1268 226 ΠΛΑΤΩΝΟΣ
1811 187 1872 231 24

329 312 511 363 ΠΩΛ.
568 314 758 373 Τίνος;
800 308 962 378 φάθι.

129 394 163 435 Ε
334 390 459 445 ΣΩ.
518 392 664 461 Φημὶ
694 390 789 462 δή,
826 390 1045 462 χάριτος
1069 393 1158 447 καὶ
1188 389 1390 464 ἡδονῆς
1421 391 1862 465 ἆπεργασιας,ω

188 477 365 528 Πωλε.

329 560 506 611 ΠΩΛ.
570 553 790 611 Ταύτόν
810 554 861 611 δ’
882 559 1030 613 ἐστὶν
1049 555 1309 624 ὀψοποιία
1331 560 1423 614 καὶ
1443 561 1704 631 ῥητορική
1716 585 1731 628 3

330 643 455 693 Σῼ.
518 636 792 709 Οὐδαμῶς
808 661 886 710 γε,
909 639 1046 696 ἄλλα
1063 648 1157 711 τῆς
1173 640 1343 713 αὐτῆς
1357 644 1458 712 μὲν
1474 643 1868 713 ἐπιτηδεύσεως

191 719 402 789 μόριον.

331 807 509 859 ΠΩΛ
572 809 734 869 Τίνος
752 808 923 884 λέγεις
941 806 1166 876 ταύτης;

331 890 456 940 ΣΩ.
508 884 607 956 Μὴ
648 885 1045 957 ἀγροικότερον
1079 883 1118 962 ᾗ
1152 888 1212 945 τὸ
1241 888 1447 961 ἀληθὲς
1477 896 1674 946 εἰπεῖν·
1719 890 1867 948 ὀκνῶ

193 967 299 1039 γὰρ
319 970 609 1038 Γοργίου
586 971 746 1025 ε’νεκα
777 974 981 1040 λέγειν,
1018 970 1091 1041 μὴ
1124 979 1306 1042 οἴηταί
1320 994 1387 1043 με
1410 977 1787 1047 διακωμῳδεῖν
1803 973 1864 1029 τὸ

196 1051 397 1105 ἑαυτοῦ
413 1051 746 1123 ἐπιτήδευμα
764 1074 775 1085 ·
799 1052 905 1123 ἐγώ
925 1056 1000 1122 δέ,
1023 1057 1072 1108 εἰ
1087 1054 1188 1123 μὲν
1203 1054 1368 1109 τοῦτό
1384 1053 1586 1126 ἐστινὴ
1607 1054 1865 1127 ῥητορικὴ

75 1144 167 1190 463
192 1130 264 1202 ἢν
290 1137 529 1203 Γοργίας
566 1134 900 1205 ἐπιτηδεύει,
941 1133 1045 1191 οὐκ
1082 1134 1229 1191 οἶδα·
1270 1138 1361 1192 καὶ
1389 1137 1495 1208 γὰρ
1526 1137 1650 1209 ἄρτι
1679 1141 1737 1193 ἐκ
1767 1143 1868 1192 τοῦ

193 1214 364 1285 λόγου
386 1214 552 1271 οὐδὲν
569 1215 703 1287 ἡμῖν
724 1220 1037 1287 καταφανὲς
1055 1220 1267 1288 ἐγένετο
1281 1260 1296 1288 ,
1318 1225 1371 1273 τί
1387 1240 1518 1273 ποτε
1539 1212 1700 1284 οὗτος
1719 1217 1867 1289 ἡγεῖ-

193 1319 306 1352 ται·
336 1294 367 1352 ὃ
387 1296 441 1352 δ’
465 1296 569 1368 ἐγω
592 1306 743 1355 καλῶ
761 1298 863 1370 τὴν
888 1299 1212 1371 ῥητορικήν,
1250 1299 1568 1370 πράγματός
1587 1302 1738 1366 τινός
1756 1303 1864 1356 ἐστι

193 1379 392 1452 μόριον
411 1379 641 1447 οὐδενὸς
658 1390 770 1437 τῶν
788 1390 988 1438 καλῶν.

333 1469 489 1519 ΓΟΡ.
551 1471 729 1536 Τίνος,
756 1460 798 1520 ὦ
816 1467 1139 1535 Σωκρατεςς
1175 1467 1317 1534 εἰπέ,
1339 1465 1511 1536 μηδὲν
1530 1465 1621 1536 ἐμὲ
1641 1470 1868 1535 αἰσχυν-

193 1555 327 1612 θείς.

336 1636 514 1688 XVIII.
586 1637 711 1686 ΣΩ.
763 1639 939 1686 Δοκεῖ
952 1636 1145 1686 τοίνυν
1163 1653 1283 1701 μοι,
1326 1623 1370 1685 ὦ
1386 1635 1622 1700 Γοργία,
1661 1628 1803 1685 εἷναί
1816 1652 1869 1685 τι

195 1711 528 1783 ἐπιτήδευμα
559 1713 810 1784 τεχνικὸν
837 1715 938 1784 μὲν
967 1714 1063 1785 οὔ,
1103 1718 1280 1783 ψυχῆς
1311 1712 1370 1768 δὲ
1399 1717 1753 1782 στοχαστικῆς
1780 1713 1871 1768 καὶ

197 1792 452 1863 ἀνδρείας
480 1798 571 1850 καὶ
602 1797 768 1866 φύσει
797 1801 979 1867 δεινῆς
1009 1803 1363 1865 προσομιλεῖν
1391 1805 1504 1858 τοῖς
1521 1791 1866 1863 ἀνθρώποις·

131 1891 165 1933 Β
195 1882 345 1932 καλῶ
377 1876 436 1933 δὲ
465 1875 642 1933 αὐτοῦ
668 1877 775 1948 ἐγω
806 1880 865 1934 τὸ
899 1880 1206 1949 κεφάλαιον
1225 1882 1532 1932 κολακείαν.
1558 1876 1759 1946 ταύτης
1777 1898 1870 1946 μοι

198 1962 352 2014 δοκεῖ
372 1965 469 2030 τῆς
499 1961 894 2031 ἐπιτηδεύσεως
922 1960 1097 2017 πολλὰ
1129 1962 1231 2031 μὲν
1252 1962 1341 2015 καὶ
1367 1959 1507 2014 ἄλλα
1524 1959 1691 2029 μόρια
1711 1956 1867 2027 εἶναι,

198 2044 260 2096 ἓν
279 2042 338 2097 δὲ
357 2040 502 2113 καὶὴ
523 2040 844 2115 ὀψοποιική·
885 2041 917 2097 ὂ
947 2048 1102 2099 δοκεῖ
1124 2043 1224 2113 μὲν
1252 2040 1392 2098 εἶναι
1418 2043 1606 2111 τέχνη,
1647 2037 1719 2105 ὡς
1749 2041 1807 2095 δὲ
1835 2038 1863 2095 ὁ
1946 2085 1962 2092 -.

200 2123 327 2193 ἐμὸς
345 2123 527 2195 λόγος,
547 2123 651 2181 οὐκ
671 2131 784 2181 ἔστι
801 2129 977 2197 τέχνη,
998 2124 1120 2181 ἀλλ’
1143 2128 1391 2196 ἐμπειρία
1412 2125 1503 2178 καὶ
1522 2123 1697 2194 τριβή.
1731 2122 1870 2177 ταύ-
1949 2143 1962 2154 ’·

196 2227 291 2277 της
317 2207 518 2277 μόριον
547 2210 637 2264 καὶ
665 2207 768 2280 τὴν
797 2207 1094 2280 ῥητορικὴν
1122 2205 1226 2277 ἐγώ
1248 2212 1401 2261 καλοῖ
1420 2206 1509 2261 καὶ
1533 2205 1636 2276 τήν
1652 2226 1714 2275 γε
1733 2226 1871 2275 κομ-
1955 2260 1962 2282 ,⁷

195 2287 442 2360 μωτικὴν
470 2292 561 2345 καὶ
589 2288 694 2360 τὴν
729 2291 1083 2362 σοφιστικήν,
1121 2292 1347 2360 τέτταρα
1382 2295 1555 2343 ταῦτα
1588 2286 1753 2358 μόρια
1783 2287 1870 2342 ἐπὶ
1954 2302 1959 2360 3}

195 2373 445 2441 τέτταρσι
473 2372 808 2444 πράγμασιν
849 2380 899 2430 εἰ
924 2377 1031 2429 οὐν
1059 2374 1315 2444 βούλεται
1349 2377 1544 2434 Πῶλος
1580 2369 1868 2424 πυνθάνε-
1950 2387 1956 2437 3

134 2462 166 2504 G
197 2461 358 2523 σθαι,
399 2460 808 2511 πυνθανέσθω·
849 2454 918 2512 ού
939 2456 1046 2526 γάρ
1081 2477 1164 2510 πω
1185 2458 1480 2524 πέπυσται,
1512 2451 1706 2508 ὁποῖόν
1729 2474 1869 2522 φημι
1942 2449 1953 2462 ”

198 2537 304 2604 ἐγω
322 2542 417 2605 τῆς
436 2543 723 2603 κολακείας
741 2538 938 2609 μόριον
959 2537 1097 2594 εἶναι
1115 2536 1218 2608 τὴν
1246 2535 1568 2608 ρητορικήν,
1608 2532 1728 2589 ἀλλ’
1764 2533 1868 2588 αὐ-

197 2615 299 2672 τὸν
325 2620 536 2689 λέληθα
566 2619 722 2675 οὔπω
743 2619 1196 2691 ἀποκεκριμένος,
1234 2618 1263 2674 ὁ
1287 2621 1345 2674 δὲ
1363 2620 1710 2688 ἐπανερωτᾷ,
1731 2621 1781 2671 εἰ
1800 2615 1867 2671 ού

198 2698 373 2755 καλὸν
407 2699 651 2771 ἡγοῦμαι
686 2701 840 2757 εἶναι.
884 2701 991 2773 ἐγω
1028 2703 1088 2758 δὲ
1134 2700 1282 2775 αὐτῷ
1321 2699 1425 2756 οὐκ
1460 2699 1866 2769 ἀποκρινοῦμαι
1930 2724 1937 2766 ες

199 2780 499 2852 πρότερον,
541 2791 646 2838 εἴτε
674 2783 846 2839 καλὸν
866 2792 971 2839 εἴτε
991 2783 1218 2855 αἰσχρὸν
1235 2781 1472 2853 ἡγοῦμαι
1491 2782 1629 2837 εἶναι
1649 2779 1750 2853 τὴν
1769 2784 1868 2851 ῥη-

198 2864 426 2937 τορικήν
438 2908 453 2933 ,
483 2868 615 2932 πρὶν
634 2863 705 2920 ἄν
726 2873 949 2936 πρῶτον
967 2864 1351 2937 ἀποκρίνωμαι
1369 2864 1403 2921 δ’
1423 2888 1473 2920 τι
1490 2868 1650 2921 ἐστίν.
1674 2862 1740 2920 οὐ
1760 2863 1865 2935 γὰρ
1924 2887 1962 2941 ἦέ
