1962 3112
215 122 318 176 398
421 136 426 138 ’
829 126 1307 176 ΠΛΑΤΩΝΟΣ
1834 137 1900 183 36

355 264 454 314 ΙΠ.
509 255 673 313 Ἀλλά
706 257 775 328 δή
811 255 889 330 γ’,
926 253 972 314 ὦ
1008 260 1330 331 Σώκρατες,
1369 265 1425 316 τί
1449 269 1553 318 οἴει
1579 262 1727 318 ταῦτ’
1752 262 1892 319 εἶναι

216 342 565 408 ξυνάπαντα;
601 341 875 411 κνίσματά
893 345 981 397 τοί
998 345 1111 398 ἐστι
1138 345 1228 399 καὶ
1257 344 1636 416 περιτμήματα
1655 352 1770 402 τῶν
1789 348 1889 402 λό-

215 446 359 494 γων,
399 423 536 494 ὅπερ
575 422 700 492 ἄρτι
738 427 958 494 ἔλεγον,
997 425 1135 481 κατὰ
1175 425 1354 498 βραχὺ
1393 430 1716 499 διῃρημένα·
1775 427 1886 484 ἀλλ’

219 508 397 562 ἐκεῖνο
426 507 519 562 καὶ
546 503 723 562 καλὸν
750 507 842 562 καὶ
870 514 1083 563 πολλοῦ
1115 507 1303 578 άξιον,
1343 507 1464 563 υἱόν
1491 505 1531 563 τ’
1557 507 1695 564 εἶναι
1716 505 1779 565 εὖ
1802 513 1893 566 καὶ

216 595 397 654 καλως
432 589 603 660 λόγον
630 588 1118 660 καταστησάμενον
1149 594 1208 645 ἐν
1240 595 1568 664 δικαστηρίῳ
1596 588 1633 662 ἦ
1662 594 1723 647 ἐν
1751 599 1892 665 βου-

150 682 182 722 Β
215 678 484 746 λευτηρίω
514 668 551 743 ἦ
581 669 667 727 ἐπ’
702 670 842 744 ἄλλῃ
872 674 978 728 τινι
1007 672 1175 746 ἀρχῇ,
1215 671 1354 743 πρὸς
1379 670 1452 745 ἣν
1481 670 1553 729 α“ν
1585 673 1613 728 ὁ
1647 674 1812 746 λόγος
1831 679 1888 750 ᾐ,

215 761 482 811 πείσαντα
521 763 771 827 οἴχεσθαι
809 758 1051 826 φέροντα
1090 754 1159 811 οὐ
1193 756 1259 811 τὰ
1291 756 1626 828 σμικρότατα
1655 755 1796 813 άλλά
1825 780 1896 813 τα

212 839 440 909 μέγιστα
468 846 582 895 ταῖν
609 837 833 909 ἄθλων,
874 844 1148 909 σωτηρίαν
1178 837 1355 894 αὑτοῦ
1385 861 1443 894 τε
1473 841 1564 895 καὶ
1582 846 1697 895 τῶν
1713 838 1891 895 αὑτοῦ

213 921 509 993 χρημάτων
529 924 619 978 καὶ
639 928 831 993 φίλων.
887 922 1104 977 τούτων
1134 915 1240 976 οὖν
1255 919 1357 993 χρὴ
1379 920 1731 994 ἀντέχεσθαι,
1769 930 1880 994 χαί-ι

214 1025 333 1072 ρειν
371 1003 610 1060 ἐάσαντα
655 1004 752 1068 τοὶς
798 1009 1188 1075 σμικρολογίας
1221 1004 1451 1077 ταύτας,
1505 1009 1598 1060 ἵνα
1635 1006 1708 1076 μὴ
1749 1010 1888 1078 δοκῇ

210 1091 336 1141 λίαν
366 1084 598 1158 ἀνόητος
630 1085 769 1142 εἶναι
796 1087 1003 1159 λήρους
1030 1088 1121 1143 καὶ
1150 1092 1422 1158 φλυαρίας
1453 1088 1637 1159 ὥσπερ
1660 1095 1767 1144 νῦν
1787 1111 1886 1160 με-

210 1170 660 1240 ταχειριζόμενος.

352 1258 512 1312 XXX.
588 1248 725 1308 252>
762 1247 827 1308 Ὦ
852 1250 1031 1308 Ἱππία
1073 1259 1223 1321 φίλε,
1266 1249 1336 1306 σύ
1374 1252 1476 1322 μὲν
1509 1253 1778 1323 μακάριος
1819 1252 1884 1325 εἶ,

213 1332 298 1390 ὅτι
317 1356 375 1390 τε
396 1334 565 1391 οἶσθα
585 1332 620 1390 ἂ
648 1336 749 1406 χρὴ
773 1335 1114 1406 ἐπιτηδεύειν
1144 1333 1482 1404 ἄνθρωπον,
1520 1337 1611 1391 καὶ
1643 1337 1890 1406 ἐπιτετή-

214 1420 414 1483 δευκας
445 1421 678 1488 ἱκανῶς,
719 1416 792 1481 ὠς
821 1418 956 1490 φῄς·
1013 1416 1105 1486 ἐμὲ
1135 1416 1192 1472 δὲ
1225 1420 1482 1487 δαιμονία
1503 1439 1583 1481 τις
1609 1417 1774 1488 τύχη,
1815 1415 1893 1482 ὥς

154 1505 186 1547 G
215 1505 382 1570 ἔοικε,
415 1501 654 1569 κατέχει,
684 1497 835 1563 ὅστις
854 1505 1150 1570 πλανῶμαι
1171 1522 1273 1570 μεν
1295 1500 1385 1554 καὶ
1409 1497 1603 1567 ἀπορῶ
1621 1498 1731 1571 ἀεί,
1771 1504 1894 1556 ἐπι-

212 1581 434 1648 δεικνύς
463 1583 522 1638 δε
551 1581 653 1654 τὴν
686 1587 926 1654 ἐμαυτοῦ
958 1581 1198 1651 ἀπορίαν
1226 1578 1360 1651 ὗμιν
1390 1593 1502 1646 τοῖς
1522 1593 1717 1652 σοφοῖς
1736 1583 1885 1656 λόγῳ

212 1669 284 1720 αὐ
321 1665 431 1722 ὑπὸ
472 1664 636 1737 ὑμῶν
675 1670 1173 1736 προπηλακίζομαι,
1224 1663 1448 1719 ἐπειδὰν
1480 1666 1740 1731 ἐπιδείξω.
1799 1667 1893 1720 λέ-

208 1769 332 1817 γετε
357 1748 467 1819 γάρ
494 1769 590 1818 με,
631 1746 774 1816 άπερ
804 1749 895 1801 καὶ
925 1745 994 1801 σὺ
1027 1753 1136 1800 νῦν
1167 1747 1367 1815 λέγεις,
1408 1768 1481 1809 ως
1509 1744 1702 1815 ἠλίθιά
1720 1768 1777 1801 τε
1796 1748 1887 1802 και

210 1827 413 1899 σμικρά
435 1830 526 1884 καὶ
555 1826 787 1892 οὐδενὸς
816 1827 939 1893 ἄξια
966 1827 1443 1899 πραγματεύομαι·
1483 1830 1707 1884 ἐπειδὰν
1727 1830 1786 1885 δὲ
1803 1824 1879 1884 αὖ

212 1908 571 1975 ἀναπεισθεὶς
599 1907 690 1981 ὑφ’
712 1909 874 1981 ὑμῶν
902 1912 1043 1981 λέγω
1076 1910 1216 1980 ἅπερ
1249 1908 1430 1981 ὑμεῖς,
1471 1908 1544 1975 ὦς
1573 1910 1716 1966 πολὺ
1750 1912 1890 1980 κρά-

212 1993 399 2049 τιστόν
428 1996 575 2048 ἐστιν
606 1989 730 2049 οἷόν
757 1992 809 2048 τ’
832 1993 971 2050 εἶναι
997 1994 1169 2064 λόγον
1201 1987 1265 2048 εὖ
1285 1994 1377 2048 καὶ
1405 2000 1586 2058 καλῶς
1614 2011 1887 2065 καταστη-

209 2075 453 2147 σάμενον
474 2083 755 2149 περαίνειν
778 2080 839 2133 ἐν
870 2081 1199 2150 δικαστηρίῳ
1231 2073 1268 2147 ἢ
1292 2079 1351 2130 ἐν
1372 2075 1522 2149 ἄλλῳ
1551 2077 1659 2130 τινὶ
1678 2076 1883 2131 συλλό-

143 2170 178 2211 D
210 2182 290 2234 γςο
305 2202 320 2230 ,
342 2157 454 2215 ὑπό
473 2181 531 2215 τε
552 2159 740 2215 ἄλλων
757 2166 928 2214 τινῶν
946 2166 1060 2214 τῶν
1091 2159 1296 2214 ἐνθάδε
1315 2161 1406 2214 καὶ
1429 2156 1539 2213 ὑπὸ
1560 2158 1764 2215 τούτου
1783 2164 1889 2213 τοῦ

213 2239 528 2342 ἄνθρωπον
566 2248 669 2297 τοῦ
705 2241 796 2296 άεί
826 2263 893 2312 με
929 2243 1244 2312 ἐλέγχοντος
1281 2241 1461 2296 πάντα
1497 2238 1640 2296 κακοὶ
1679 2238 1888 2306 ἀκούω

210 2325 304 2381 καὶ
321 2323 428 2394 γάρ
451 2346 544 2394 μοι
562 2324 820 2394 τυγχάνει
850 2325 1118 2394 ἐγγύτατα
1149 2326 1348 2394 γένους
1382 2345 1462 2379 ων
1492 2324 1584 2379 καὶ
1612 2324 1673 2378 ἐν
1688 2344 1763 2377 τω
1782 2321 1891 2377 αὐ-

210 2427 287 2460 τω
320 2411 516 2461 οἰκων·
560 2406 785 2461 ἐπειδαν
816 2409 922 2461 οὐν
956 2409 1188 2462 εἰσέλθω
1220 2409 1408 2462 οἰκαδε
1431 2411 1506 2470 εἰς
1535 2408 1774 2476 ἐμαυτοῦ
1797 2411 1895 2461 καί

216 2509 325 2558 μου
357 2487 573 2561 άκούση
591 2510 764 2544 ταυτα
786 2493 1069 2560 λέγοντος,
1109 2491 1314 2562 ἐρωτᾷ,
1358 2494 1408 2544 εἰ
1434 2486 1538 2543 οὐκ
1560 2488 1890 2559 αἰσχύνομαι

213 2575 434 2638 τολμῶν
464 2570 589 2638 περὶ
617 2577 806 2626 καλῶν
837 2571 1282 2643 ἐπιτηδευμάτων
1313 2572 1692 2640 διαλέγεσθαι,
1738 2568 1884 2625 οὕτω

216 2657 474 2722 φανερῶς
503 2652 916 2723 ἐξελεγχόμενος
946 2656 1070 2721 περὶ
1096 2661 1198 2710 τοῦ
1230 2659 1433 2722 καλοῦ,
1478 2650 1561 2706 ὅτι
1598 2648 1719 2706 οὐδ’
1752 2649 1887 2707 αὐτὰ

214 2740 378 2790 τοῦτο
411 2732 445 2789 δ’
471 2738 528 2788 τί
552 2732 677 2789 ποτ’
700 2738 848 2789 ἔστιν
870 2734 1005 2790 οἶδα.
1064 2742 1241 2791 καίτοι
1262 2740 1377 2799 πῶς
1407 2731 1476 2788 σύ
1495 2741 1655 2801 εἴσει,
1698 2739 1885 2805 φησίν,

148 2823 181 2865 Ε
215 2811 257 2887 ἢ
283 2815 456 2888 λόγον
485 2815 634 2881 ὅστις
664 2823 846 2883 καλῶς
875 2818 1242 2889 κατεστήσατο
1274 2813 1311 2886 ἢ
1339 2814 1443 2886 μή,
1485 2810 1523 2886 ἢ
1553 2813 1727 2886 ἄλλην
1744 2821 1888 2884 πρᾶ-
