1962 3112
233 123 339 174 460
804 89 1119 172 ΚΛΕιάὊ
1137 82 1330 172 <mm
1463 105 1466 108 ⁴
1852 133 1910 177 98

234 263 391 327 γικῆς
411 257 571 326 θεός,
597 254 786 327 ὕμνεις
805 257 995 324 λέγων.
1051 267 1150 309 ποῖ
1177 259 1443 326 φέρεσθε,
1465 256 1784 328 ὤνθρωποι,
1818 261 1910 313 καὶ

175 344 206 383 Β
239 337 484 408 ἀγνοεῖτε
505 337 670 393 οὐδὲν
689 342 802 391 τῶν
820 337 1061 391 δεόντων
1081 337 1438 408 πράττοντες,
1470 343 1665 404 οἵτινες
1696 340 1909 410 χρημά-

237 442 350 474 των
369 422 470 490 μὲν
490 423 614 488 πέρι
632 418 735 488 τὴν
754 425 937 472 πᾶσαν
956 420 1207 490 σπουδὴν
1227 425 1398 491 ἔχετε,
1418 419 1568 487 ὅπως
1587 420 1717 492 ὑμῖν
1739 429 1906 494 ἔσται,

237 509 350 556 τῶν
371 499 424 555 δ’
447 503 616 556 υἱέων
636 498 716 564 οἷς
735 508 906 556 ταῦτα
926 502 1308 571 παραδώσετε,
1347 502 1495 568 ὅπως
1524 505 1910 575 ἐπιστήσονται

239 588 478 653 χρῆσθαι
499 586 721 646 δικαίως
741 581 971 652 τούτοις,
994 581 1262 653 ἀμελεῖτε,
1284 587 1374 640 καὶ
1396 585 1524 640 οὕτε
1543 586 1910 650 διδασκάλους

240 663 425 728 αὐτοῖς
447 661 723 734 εὑρίσκετε
742 670 837 734 τῆς
858 665 1240 738 δικαιοσύνης,
1279 676 1429 738 εἴπερ
1460 670 1718 740 μαθητόν
1732 691 1742 701 ·
1785 672 1833 724 εἰ
1850 668 1909 724 δὲ

239 746 534 816 μελετητόν
554 767 612 800 τε
632 748 721 800 καὶ
740 745 984 816 ἀσκητόν
997 789 1013 817 ,
1041 750 1239 813 οἵτινες
1259 752 1619 821 ε’ξασκήσουσι
1639 754 1729 809 καὶ
1749 757 1909 824 ε’κμε-

240 829 567 899 λετήσουσιν
603 831 828 892 ἱκανῶς
886 826 1020 884 οὐδέ
1051 828 1096 900 γ’
1120 836 1198 886 ἔτι
1236 833 1506 903 πρότερον
1535 833 1677 907 ὑμᾶς
1705 836 1909 902 αύτούς

240 912 415 978 οὕτως
434 914 866 986 ἐθεραπεύσατε,
902 912 1015 971 ἀλλ’
1036 910 1272 987 ὁρῶντες
1290 915 1582 987 γράμματα
1602 921 1692 973 καὶ
1712 935 1908 990 μουσι-

179 1006 208 1046 C
239 994 348 1066 κὴν
384 999 474 1051 καὶ
510 996 891 1068 γυμναστικὴν
927 996 1068 1069 ὑμᾶς
1106 1021 1163 1053 τε
1200 997 1406 1064 αὐτοὺς
1434 1002 1524 1054 καὶ
1553 998 1683 1064 τούς
1713 1005 1907 1064 παῖδας

239 1075 398 1148 ὑμῶν
428 1081 629 1143 ἱκανῶς
661 1080 1076 1150 μεμαθηκότας,
1115 1079 1150 1134 ὁὶ
1179 1079 1244 1150 δὴ
1285 1084 1534 1136 παιδείαν
1555 1079 1749 1152 ἀρετῆς
1769 1081 1909 1136 εἶναι

238 1163 431 1215 τελέαν
449 1159 694 1231 ἡγεῖσθε,
709 1162 938 1218 κᾶπειτα
952 1162 1119 1219 οὐδὲν
1138 1154 1304 1234 ἧττον
1320 1161 1526 1227 κακούς
1545 1165 1908 1232 γιγνομένους

241 1245 363 1311 περὶ
383 1242 447 1297 τά
466 1244 739 1315 χρήματα,
766 1244 914 1316 ὅμως
935 1244 1002 1300 ού
1022 1258 1415 1316 καταφρονεῖτε
1436 1252 1531 1315 τῆς
1550 1251 1658 1299 νῦν
1678 1245 1910 1299 παιδεύ-

241 1341 378 1388 σεως
421 1323 551 1380 οὐδὲ
592 1330 790 1396 ζητεῖτε
829 1330 1024 1391 οἵτινες
1064 1325 1207 1397 ὑμᾶς
1253 1326 1530 1382 παύσουσι
1575 1326 1777 1397 ταύτης
1813 1333 1908 1396 τῆς

240 1406 533 1478 ἀμουσιάς;
574 1413 669 1463 καί
682 1430 766 1462 τοι
787 1410 878 1464 διοὶ
897 1431 959 1478 γε
970 1410 1177 1480 ταύτην
1188 1408 1290 1478 τὴν
1310 1411 1677 1479 πλημμέλειαν
1698 1411 1787 1463 καὶ
1806 1412 1907 1480 ῥᾳ-

239 1495 482 1559 θυμίαν,
505 1487 619 1545 ἀλλ’
642 1490 710 1545 ού
731 1490 820 1546 διά
840 1492 943 1562 τὴν
963 1494 1023 1546 ἐν
1043 1499 1121 1565 τῷ
1139 1494 1266 1547 ποδὶ
1285 1489 1422 1560 πρὸς
1443 1489 1544 1561 τὴν
1570 1491 1750 1561 λύραν
1775 1488 1908 1560 ἀμε-

240 1579 399 1641 τρίαν
427 1574 518 1626 καὶ
549 1571 787 1642 ἀδελφὸς
819 1572 1042 1646 ἀδελφῷ
1074 1575 1165 1629 καὶ
1193 1572 1378 1637 πόλεις
1409 1573 1634 1627 πόλεσιν
1667 1571 1910 1642 ἀμέτρως

180 1670 211 1711 D
243 1656 335 1710 καὶ
364 1653 724 1725 ἀναρμόστως
756 1655 1206 1727 προσφερόμεναι
1240 1656 1591 1720 στασιάζουσι
1621 1657 1710 1708 καὶ
1743 1660 1910 1708 πολε-

242 1743 475 1807 μοῦντες
491 1735 558 1792 τά
586 1742 781 1807 ἔσχατα
812 1743 983 1808 δρῶσι
1012 1740 1103 1794 καὶ
1132 1739 1462 1808 πάσχουσιν·
1504 1734 1659 1807 ὑμεῖς
1684 1738 1748 1791 δέ
1771 1759 1909 1806 φατε

243 1817 311 1873 ού
341 1816 403 1872 δι’
437 1817 800 1875 ἀπαιδευσίαν
829 1821 958 1875 οὐδὲ
989 1818 1052 1875 δι’
1084 1820 1342 1889 ἄγνοιαν,
1382 1818 1491 1875 ἀλλ’
1526 1820 1750 1882 ἑκόντας
1770 1808 1910 1882 ’τοὺς

243 1898 466 1964 ἀδίκους
502 1899 729 1965 ἀδίκους
768 1900 919 1956 εἶναι.
974 1903 1143 1957 πάλιν
1181 1901 1231 1957 δ’
1261 1897 1335 1957 αὖ
1370 1909 1601 1973 τολμᾶτε
1627 1905 1805 1972 λέγειν
1837 1923 1909 1963 ως

243 1981 470 2054 αισχρὸν
492 1986 583 2038 καὶ
601 1983 856 2054 θεομισες
874 1981 907 2053 ἡ
933 1983 1141 2038 ἀδικία·
1180 2006 1295 2048 πως
1316 1987 1420 2039 οὐν
1442 1984 1509 2054 δή
1529 2006 1610 2047 τις
1629 1982 1691 2036 τό
1711 2003 1772 2051 γε
1791 2003 1908 2036 τοι-
1960 2042 1962 2044 ,

243 2074 411 2122 οῦτον
452 2065 628 2122 κακὸν
664 2063 807 2121 ἑκων
848 2064 1037 2135 αιροῖτ’
1077 2066 1184 2134 ἄνς
1224 2066 1404 2167 η’ττων
1442 2063 1502 2128 ὃς
1543 2061 1615 2119 ἀν
1649 2058 1712 2136 ᾑ,
1752 2066 1906 2133 φατέ,

242 2171 356 2203 των
382 2146 620 2220 ἡδονων.
679 2145 891 2202 οὐκοῦν
921 2151 1009 2202 καὶ
1043 2147 1186 2204 τοῦτ’
1220 2148 1512 2218 ἀκούσιον,
1555 2155 1706 2216 εἴπερ
1737 2146 1796 2201 τὸ
1823 2168 1911 2200 νι-μ
1955 2180 1962 2207 ³

243 2238 350 2304 κᾷν
394 2232 676 2298 ἑκούσιον;
741 2229 878 2284 ω’στε
919 2234 977 2285 ἐκ
1015 2230 1219 2294 παντὸς
1254 2231 1465 2299 τρόπου
1499 2228 1563 2285 τό
1601 2250 1663 2297 γε
1701 2225 1909 2282 ἀδικεῖν

244 2312 512 2367 ἀκούσιον
532 2311 559 2366 ὁ
579 2313 743 2383 λόγος
762 2315 917 2382 αἱρεῖ,
936 2315 1026 2367 καὶ
1047 2317 1162 2368 δεῖν
1176 2312 1483 2380 ἐπιμέλειαν
1501 2318 1597 2380 τῆς
1615 2317 1723 2364 νῦν
1741 2314 1907 2364 πλείω

181 2401 213 2441 Ε
242 2405 520 2451 ποιεῖσθαι
547 2393 701 2465 πάντ’
734 2391 911 2464 ἄνδρα
943 2399 1053 2450 ι’δία
1083 2393 1135 2449 θ’
1173 2392 1283 2464 ἅμα
1314 2395 1404 2448 καὶ
1433 2397 1665 2463 δημοσία
1696 2391 1909 2462 ξυμπά-
1938 2432 1939 2435 ¹

243 2494 340 2541 σας
360 2477 456 2540 τάς
475 2477 674 2541 πόλεις.

381 2567 461 2615 ΙΙΙ.
540 2557 699 2614 Ταῦτ’
724 2554 856 2628 οὖν,
897 2554 941 2613 ὠ
959 2560 1276 2658 Σώκρατες,
1315 2556 1421 2628 ἐγω
1443 2555 1577 2613 ὅταν
1597 2555 1784 2611 ἀκούω
1804 2562 1910 2610 σοῦ’

241 2641 396 2711 θαμὰ
433 2648 716 2711 λέγοντος,
774 2644 863 2696 καὶ
911 2642 1056 2711 μάλα
1100 2641 1305 2711 α’γαμαι
1340 2641 1431 2694 καὶ
1465 2643 1800 2708 θαυμαστως
1837 2636 1909 2700 ὡς

241 2725 472 2778 ε’παινω·
542 2726 634 2778 καὶ
682 2722 890 2778 ὁπόταν
939 2726 1011 2777 αὐ
1049 2729 1157 2795 φῇς
1193 2722 1253 2777 τὸ
1295 2725 1486 2791 ἐφεξῆς
1521 2718 1727 2789 τούτω,
1777 2718 1908 2781 τούς

241 2803 550 2869 ἀσκοῦντας
560 2827 660 2875 μεν
672 2803 737 2859 τὰ
753 2804 994 2874 σώματα,
1006 2811 1100 2874 τῆς
1114 2805 1171 2858 δε
1182 2809 1357 2872 ψυχῆς
1368 2800 1704 2871 ἠμεληκότας
1720 2798 1906 2867 ἕτερόν
