2020 3094
766 36 775 47 ’
872 41 925 106 Λ
940 58 1145 105 ΤΣΙΣ.
1796 51 1869 107 87

185 191 244 248 τὸ
267 190 464 263 ὅμοιον
481 197 560 265 τῷ
579 190 751 266 ὁμοίῳ
773 187 910 245 κατὰ
930 187 1035 260 τὴν
1052 186 1348 261 ὁμοιότητα
1377 188 1679 261 ἄχρηστον·
1720 211 1782 245 το
1803 191 1863 244 δὲ

185 274 465 345 ἄχρηστον
484 279 651 344 φίλον
671 271 962 344 ὁμολογεῖν
980 273 1304 343 πλημμελές.
1351 269 1617 344 βούλεσθ’
1635 265 1769 342 οὖν,
1790 265 1862 343 ἦν
1893 279 1925 322 C

187 354 240 413 δ’
263 357 373 427 ἐγώ
387 399 400 424 ,
437 355 623 427 ἐπειδὴ
646 355 831 423 ὥσπερ
852 352 1140 426 μεθύομεν
1161 350 1268 408 ὑπὸ
1289 359 1392 409 τοῦ
1410 352 1613 423 λόγου,
1644 371 1863 423 συγχω-

185 441 443 511 ρήσωμεν
460 442 547 495 καὶ
564 444 759 510 φῶμεν
778 437 970 505 ἕτερόν
988 460 1039 492 τι
1056 435 1196 492 εἶναι
1213 434 1274 491 τὸ
1291 440 1496 492 οἰκεῖον
1516 441 1620 491 τοῦ
1638 431 1862 506 ὁμοίους

184 521 350 576 Πάνυ
383 542 460 590 γε.
516 519 769 589 Πότερον
805 512 912 573 οὖν
949 520 1042 574 καὶ
1077 517 1329 588 τάγαθὸν
1365 522 1571 573 οἰκεῖον
1609 517 1863 588 θήσομεν

185 608 377 670 παντί,
414 600 476 657 τὸ
497 602 557 658 δὲ
586 600 763 657 κακὸν
793 598 1089 670 ἀλλότριον
1110 601 1278 668 εἷναι;
1316 596 1350 672 ἢ
1374 598 1435 656 τὸ
1459 599 1562 671 μὲν
1590 597 1766 655 κακὸν
1782 605 1863 672 τῷ

183 689 339 756 κακῷ
357 687 587 753 οἰκεῖον,
625 688 703 755 τῷ
723 682 782 736 δὲ
802 678 1002 757 ἀγαθῷ
1019 682 1080 739 τὸ
1107 682 1354 754 ἀγαθόν,
1395 689 1473 757 τῷ
1490 684 1549 738 δὲ
1569 682 1704 753 μήτε
1723 679 1863 751 ἄγα-

183 773 273 840 θῷ
294 766 429 837 μήτε
447 772 601 839 κακῷ
618 763 679 820 τὰ
703 765 839 837 μήτε
857 762 1081 834 άγαθόν
1100 765 1236 837 μήτε
1255 763 1461 832 κακόν;
1499 763 1694 829 Οὕτως
1721 764 1863 826 ἐφά-

183 872 285 919 την
317 852 502 903 δοκεῖν
531 852 723 919 σφίσιν
751 848 984 902 ἕκαστον
1004 848 1213 922 ἑκάστῳ
1244 852 1450 904 οἰκεῖον
1468 846 1621 903 εἶναι.
1679 853 1863 903 Πάλιν

183 930 321 1002 ἄρα,
356 924 430 1001 ἦν
450 929 500 985 δ’
522 929 631 999 ἐγώ
643 972 657 1000 ,
698 924 743 984 ὦ
763 934 965 1002 παῖδες,
986 929 1084 996 οὓς
1103 929 1163 986 τὸ
1189 936 1412 1000 πρῶτον
1431 930 1632 1001 λόγους
1650 928 1863 1002 ἆπεβα-
1890 945 1927 987 1)

185 1012 399 1083 λόμεθα
428 1014 552 1081 περὶ
581 1019 790 1083 φιλίας,
829 1018 904 1078 εἰς
932 1012 1164 1078 τούτους
1194 1014 1667 1084 είσπεπτώκαμεν·
1705 1011 1734 1069 ὁ
1755 1012 1862 1083 γὰρ

186 1096 378 1160 ἄδικος
397 1102 473 1168 τῷ
493 1093 664 1169 ἀδίκῳ
685 1097 775 1151 καὶ
797 1093 826 1151 ὁ
857 1100 1026 1161 κακός
1046 1103 1122 1168 τῷ
1154 1101 1307 1169 κακῷ
1330 1093 1497 1151 οὐδὲν
1515 1088 1682 1165 ἦττον
1702 1101 1863 1166 φίλος

182 1174 388 1249 ἔσταιῆ
409 1176 438 1234 ὁ
459 1177 672 1248 άγαθός
691 1187 768 1252 τῷ
784 1177 996 1254 ἀγαθῷ.
1020 1177 1256 1250 ’Ἑοικεν,
1271 1182 1392 1249 ἔφη.
1435 1183 1503 1232 Τί
1518 1179 1602 1242 δέ;
1639 1176 1699 1232 τὸ
1722 1175 1862 1247 ἀγα-

184 1261 299 1318 θόν
318 1262 408 1317 καὶ
427 1260 487 1317 τὸ
508 1267 715 1317 οἰκεῖον
744 1258 817 1317 ἄν
850 1261 1054 1318 ταύτόν
1083 1269 1280 1333 φαῖμεν
1312 1260 1478 1327 εἶναι,
1518 1258 1652 1315 ἄλλο
1685 1283 1734 1314 τι
1760 1256 1797 1331 ἢ
1828 1257 1858 1316 ὅ

182 1344 399 1415 ἀγαθὸς
416 1351 493 1420 τῷ
512 1343 711 1420 οἷγαθῷ
729 1346 907 1415 μόνον
926 1352 1111 1415 φίλος;
1146 1345 1312 1401 Πάνυ
1331 1367 1408 1415 γε.
1455 1341 1615 1399 Ἀλλὰ
1636 1341 1748 1414 μὴν
1769 1343 1862 1398 καὶ

184 1428 350 1483 τοῦτό
366 1449 429 1498 γε
451 1425 678 1500 φ’όμεθα
697 1430 964 1498 ἐξελέγξαι
981 1427 1123 1500 ἡμᾶς
1142 1426 1372 1492 αύτούς·
1403 1422 1437 1497 ἢ
1460 1423 1526 1480 οὐ
1545 1426 1860 1496 μέμνησθε;

188 1510 555 1581 Μεμνήμεθα.
615 1516 685 1566 Τί
699 1505 806 1566 οὖν
826 1507 899 1566 ἂν
917 1516 995 1567 ἔτι
1024 1517 1366 1583 χρησαίμεθα
1394 1516 1470 1583 τῷ
1489 1508 1665 1582 λόγῳ;
1701 1505 1736 1578 ἢ
1758 1512 1858 1579 ‹5⁷⁹1-
1891 1523 1926 1563 E

186 1601 287 1648 λον
316 1592 402 1647 ὅτι
432 1591 624 1658 ούδένς
679 1595 868 1664 δέομαι
897 1588 1028 1666 οὖν,
1071 1594 1254 1664 ὥσπερ
1286 1597 1343 1648 oc
1371 1593 1535 1663 σοφοὶ
1565 1594 1627 1647 έν
1644 1603 1757 1656 τοῖς
1777 1595 1863 1646 δι-

183 1680 511 1746 καστηρίοις,
526 1674 592 1730 τὰ
614 1679 871 1747 εἰρημένα
890 1676 1108 1732 ἅπαντα
1127 1675 1647 1747 άναπεμπάσασθαι.
1688 1679 1738 1730 εἰ
1755 1675 1860 1744 γὰρ

182 1758 318 1828 μήτε
337 1760 393 1812 οί
409 1758 737 1828 φιλούμενοι
756 1760 891 1830 μήτε
910 1763 967 1815 oc
983 1765 1276 1832 φιλοῦντες
1294 1758 1427 1829 μήτε
1450 1761 1507 1813 οἶ
1522 1757 1703 1829 ὅμοιοι
1726 1758 1860 1828 μήτε

184 1844 242 1895 οἰ
255 1838 510 1911 ἀνόμοιοι
530 1842 664 1912 μήτε
687 1846 744 1898 οῖ
757 1841 963 1912 άγαθοὶ
1000 1843 1135 1914 μήτε
1172 1845 1227 1897 οἱ
1244 1846 1437 1898 οἰκεῖοι
1474 1841 1607 1912 μήτε
1637 1838 1701 1896 τὰ
1724 1840 1860 1895 ἄλλα

182 1923 287 1978 ὅσα
304 1923 714 1994 διεληλύθαμεν
731 1958 801 1966 -
822 1923 891 1980 οὐ
911 1922 1017 1994 γάρ
1039 1930 1209 1995 ἔγωγε
1232 1929 1309 1979 ἔτι
1328 1928 1605 1995 μέμνημαι
1624 1920 1732 1979 ὑπὸ
1762 1929 1863 1978 τοῦ

183 2005 440 2076 πλήθους
484 2039 544 2047 -
584 2005 697 2062 ἀλλ’
722 2012 774 2063 εἰ
796 2009 970 2079 μηδὲν
998 2008 1214 2063 τούτων
1235 2013 1400 2078 φίλον
1421 2009 1597 2075 ἐστίν,
1635 2005 1739 2076 ἐγώ
1761 2008 1863 2076 μὲν

183 2086 371 2144 οὐκέτι
402 2093 504 2158 ἔχω
534 2098 588 2143 τί
614 2092 770 2159 λέγω.
825 2097 999 2145 ταῦτα
1031 2088 1084 2144 δ’
1104 2089 1276 2147 εἰπών
1308 2091 1368 2145 ἐν
1401 2096 1483 2161 νῷ
1513 2087 1660 2159 εἶχον
1690 2088 1862 2144 ἄλλον
1891 2101 1990 2148 223

186 2170 290 2241 ἤδη
311 2169 435 2226 τινὰ
455 2178 568 2227 τῶν
587 2176 978 2244 πρεσβυτέρων
1010 2184 1211 2227 κινεῖν·
1251 2165 1419 2246 κᾷτα,
1452 2170 1636 2240 ὥσπερ
1666 2174 1861 2242 δαίμο-

188 2256 275 2317 νές
293 2274 455 2323 τινες,
477 2254 883 2322 προσελθόντες
903 2259 959 2310 οἱ
973 2258 1340 2325 παιδαγωγοί,
1367 2251 1399 2310 ὅ
1417 2275 1473 2309 τε
1493 2260 1595 2308 τοῦ
1613 2252 1876 2319 Μενεξέ-’

183 2355 289 2388 νου
318 2336 408 2389 καὶ
438 2334 467 2390 ὁ
496 2341 597 2389 τοῦ
625 2336 892 2407 Λύσιδος,
931 2342 1143 2407 ἔχοντες
1172 2336 1359 2393 αὐτῶν
1395 2334 1526 2401 τούς
1563 2333 1857 2407 ἀδελφούς,

182 2418 540 2485 παρεκάλουν
579 2420 670 2474 καὶ
706 2420 964 2474 ἐκέλευον
998 2418 1202 2484 αὐτοὺς
1232 2422 1416 2475 οἶκαδε
1455 2417 1700 2475 ἀπιέναι·
1753 2416 1859 2489 ἤδη

183 2500 289 2571 γὰρ
309 2494 380 2571 ἦν
399 2502 524 2565 ὀψέ·
544 2498 605 2555 τό
626 2499 727 2570 μὲν
748 2495 852 2556 οὖν
864 2507 1087 2570 πρῶτον
1107 2506 1191 2557 καὶ
1211 2500 1364 2573 ἡμεῖς
1383 2503 1471 2557 καὶ
1492 2504 1860 2568 οἰπεριεστῶ-

182 2604 269 2647 τες
305 2581 509 2648 αὐτούς
540 2582 959 2655 ἀπηλαύνομεν·
1009 2585 1195 2656 ἐπειδὴ
1233 2584 1292 2640 ‹52-
1328 2582 1496 2640 οὐδὲν
1531 2584 1859 2656 ἐφρόντιζον

182 2662 368 2737 ἡμῶν,
407 2663 517 2722 ἀλλ’
541 2665 1076 2738 ὑποβαρβαρίζοντες
1105 2665 1460 2739 ἠγανάκτουν
1490 2689 1546 2723 τε
1580 2670 1670 2724 καὶ
1690 2665 1860 2724 οὐδὲν

182 2739 348 2816 ἦττον
367 2748 632 2820 ἐκάλουν,
664 2748 776 2806 ἀλλ’
800 2750 1035 2807 ἐδόκουν
1053 2747 1184 2822 ἡμῖν
1218 2748 1645 2815 ὑποπεπωκότες
1667 2753 1726 2805 ἐν
1747 2761 1859 2814 τοῖς
1890 2756 1923 2797 B
