1962 3112
0 0 846 34 wmmmssiwwf-'ss
868 0 936 9 ““”’
953 0 968 7 ”“
990 0 993 7 ’
1017 0 1063 20 ¹⁴*
1123 0 1165 8 “’”
1206 0 1216 7 ”

84 149 170 194 lob
637 139 1204 190 ΠΡΩΤΑΓΟΡΑΣ.
1659 137 1761 189 193

83 277 175 333 καὶ
202 288 526 346 μεταμελειν
551 276 644 330 καὶ
675 277 738 330 ἐν
763 271 880 338 ταῖς
907 271 1136 341 πράξεσι
1162 271 1256 327 καὶ
1281 272 1344 327 ἐν
1371 282 1490 338 ταῖς
1517 273 1761 344 αἱρέσεσι

82 362 197 412 τῶν
212 355 471 427 μεγάλων
489 377 548 411 τε
566 358 658 411 καὶ
678 360 953 426 σμικρῶν,
980 351 1015 425 ἡ
1037 351 1096 410 δὲ
1114 351 1405 425 μετρητικὴ
1425 352 1640 424 ἄκυρον
1657 353 1759 426 μὲν

81 433 154 491 ἄν
175 439 396 508 ἐποίησε
425 444 590 493 τοῦτο
620 435 683 492 τὸ
714 436 1037 507 φάντασμα,
1082 433 1375 506 δηλώσασα
1394 435 1455 492 δὲ
1473 434 1534 492 τὸ
1555 433 1762 507 ἀληθὲς
1785 450 1822 493 E

79 514 315 590 ἡσυχίαν
350 515 421 574 ἄν
455 522 712 590 ἐποίησεν
742 522 885 587 ἔχειν
913 515 1014 588 τὴν
1042 515 1228 587 ψυχὴν
1254 520 1537 587 μένουσαν
1567 519 1655 575 ἐπὶ
1682 523 1759 593 τῷ
1795 563 1798 566 ,

78 597 282 670 ἀληθεῖ
296 602 387 655 καὶ
407 604 615 656 ἔσωσεν
633 596 705 654 ἄν
722 599 823 654 τὸν
840 604 966 671 βίον
978 623 993 666 ;
1031 593 1123 671 ἀρ’
1147 595 1220 654 ἄν
1242 597 1565 670 ὁμολογοῖεν
1583 603 1641 656 oc
1655 599 1759 656 ἄν-

80 688 304 752 θρωποι
333 678 473 749 πρὸς
501 688 675 737 ταῦτα
699 679 843 752 ἡμᾶς
859 679 964 753 τὴν
982 679 1316 753 μετρητικὴν
1346 682 1542 748 σώζειν
1570 678 1641 737 ἄν
1666 685 1759 739 τέ·-

78 783 236 833 χνην,
255 758 293 833 ἦ
311 761 510 833 ἄλληνς
538 762 1014 835 Τὴνμετρητικήν,
1037 762 1322 834 ὡμολόγει.
1368 769 1438 820 Τί
1452 762 1524 833 δ’,
1546 769 1597 820 εί
1612 768 1672 820 ἐν
1690 771 1757 838 τῇ

78 849 181 898 τοῦ
208 851 468 913 περιττοῦ
503 847 595 901 καὶ
623 843 819 916 ἀρτίου
848 849 1052 916 αἱρέσει
1078 843 1211 916 ἡμῖν
1240 837 1313 916 ἦν
1339 843 1636 916 ἡσωτηρία
1655 852 1761 901 τοῦ

77 930 234 997 βίου,
273 924 439 982 ὁπότε
467 926 528 982 τὸ
560 931 732 983 πλέον
763 925 952 998 ὀρθῶς
980 930 1091 983 ἔδει
1120 929 1344 983 ἑλέσθαι
1376 928 1467 983 καὶ
1499 925 1666 984 ὁπότε
1694 928 1756 983 τὸ

79 1012 334 1076 ἔλαττον,
370 1007 408 1079 ἢ
437 1006 572 1064 αὐτὸ
603 1007 743 1079 πρὸς
773 1006 935 1066 ἑαυτὸ
969 1005 1083 1080 ἦτό
1105 1011 1294 1079 ἕτερον
1314 1007 1451 1079 πρὸς
1468 1006 1529 1064 τὸ
1547 1009 1756 1078 ἕτερον,

77 1086 178 1145 εἴτ’
208 1086 375 1159 ἐγγὺς
406 1097 514 1146 εῖτε
542 1090 734 1162 πόρρω
765 1097 878 1161 εἰη,
913 1094 970 1145 τί
995 1085 1068 1143 ἂν
1095 1094 1293 1156 ἔσωζεν
1324 1086 1455 1160 ἡμῖν
1485 1088 1588 1145 τόν
1602 1095 1758 1162 βίους

75 1163 169 1240 ἆρ’
189 1166 264 1225 ἄν
282 1168 387 1226 οὐκ
405 1172 697 1243 ἐπιστήμη;
738 1173 829 1228 καὶ
848 1166 942 1241 ἀρ’
965 1167 1037 1226 ἄν
1057 1169 1126 1226 οὐ
1152 1173 1445 1243 μετρητική
1465 1195 1570 1243 τις,
1610 1175 1761 1229 ἐπει·
1785 1188 1869 1237 357

76 1251 251 1324 δήπερ
270 1249 584 1325 ὑπερβολῆς
614 1275 673 1308 τε
695 1254 788 1309 καὶ
806 1255 1019 1318 ἐνδείας
1036 1254 1185 1309 ἐστὶν
1209 1251 1449 1325 ἡτέχνη;
1489 1252 1675 1326 ἐπειδὴ
1698 1254 1757 1311 δὲ

76 1340 338 1403 περιττοῦ
357 1356 414 1390 τε
433 1336 525 1391 καὶ
541 1333 764 1407 ἀρτίου,
785 1328 892 1406 ἀρα
912 1334 1050 1406 ἄλλη
1069 1358 1151 1400 τις
1169 1331 1206 1406 ἢ
1226 1333 1587 1408 ἀριθμητική;
1619 1334 1757 1407 ὁμο-

75 1423 298 1488 λογοῖεν
315 1415 387 1472 ἂν
406 1414 538 1488 ἡμῖν
559 1420 616 1472 οἰ
640 1416 935 1487 ἅνθρωποι
948 1460 962 1482 ,
1001 1413 1039 1488 ἦ
1068 1416 1140 1473 οὔ
1152 1442 1166 1484 3
1194 1416 1461 1474 Ἐδόκουν
1479 1415 1551 1473 ἂν
1569 1421 1754 1493 καὶτῷ

73 1499 420 1573 Πρωταγόρᾳ
450 1497 760 1570 ὁμολογεῖν.
836 1498 993 1570 Εἶεν,
1035 1493 1079 1555 ὦ
1115 1499 1434 1570 ἅνθρωποι·
1471 1499 1656 1571 ἐπειδὴ
1695 1503 1756 1556 δὲ

71 1578 280 1652 ἡδονῆς
316 1602 374 1636 τε
411 1582 502 1636 καὶ
533 1580 711 1651 λύπης
748 1582 809 1636 ἐν
840 1578 991 1653 ὀρθῇ
1020 1586 1086 1653 τῇ
1115 1584 1318 1652 αἱρέσει
1347 1581 1527 1654 ἐφάνη
1557 1580 1689 1653 ἡμῖν
1717 1581 1752 1655 ἡ

74 1668 314 1734 σωτηρία
334 1669 436 1717 τοῦ
452 1667 582 1734 βίου
603 1657 772 1734 οὖσα,
793 1669 895 1718 τοῦ
913 1684 971 1718 τε
996 1666 1228 1727 πλέονος
1245 1664 1337 1719 καὶ
1356 1663 1645 1728 ἐλάττονος
1662 1663 1761 1720 καὶ

71 1749 317 1815 μείζονος
352 1745 443 1799 καὶ
470 1745 835 1814 σμικροτέρου
863 1746 953 1799 καὶ
983 1745 1314 1816 πορρωτέρω
1337 1747 1427 1801 καὶ
1459 1748 1752 1816 ἐγγυτέρω,
1788 1765 1819 1806 Β

70 1818 180 1896 ἆρα
198 1831 423 1894 πρῶτον
439 1823 541 1896 μὲν
561 1823 630 1881 οὐ
649 1825 941 1897 μετρητικὴ
962 1831 1233 1897 φαίνεται,
1254 1825 1568 1899 ὑπερβολῆς
1584 1850 1641 1884 τε
1661 1829 1755 1885 καὶ

70 1909 282 1971 ἐνδείας
311 1900 453 1962 οὖσα
483 1909 574 1962 καὶ
613 1907 862 1979 ἰσότητος
902 1906 1042 1977 πρὸς
1077 1906 1317 1979 ἀλλήλας
1355 1913 1571 1976 σκέψις;
1602 1907 1750 1966 Ἀλλ’

69 1987 300 2062 ἀνάγκη.
372 1987 515 2045 Ἐπεὶ
545 1988 603 2046 δὲ
632 1990 951 2061 μετρητική,
989 1989 1205 2062 ἀνάγκῃ
1243 1991 1425 2062 δήπου
1462 1994 1622 2063 τέχνη
1662 1994 1754 2049 καὶ

72 2070 355 2142 ἐπιστήμη.
395 2071 820 2143 Συμφήσουσιν.
847 2070 1000 2136 “Has
1018 2073 1119 2142 μὲν
1133 2076 1326 2127 τοίνυν
1341 2074 1501 2143 τέχνη
1521 2074 1612 2129 καὶ
1632 2075 1754 2130 ἐπι-

74 2152 250 2224 στήμη
270 2153 417 2208 ἐστὶν
436 2151 576 2226 αὕτη
591 2195 606 2223 ,
646 2158 900 2218 εἰσαῦθις
918 2153 1241 2223 σκεψόμεθα
1257 2174 1269 2185 ·
1306 2149 1390 2209 ὅτι
1410 2156 1467 2210 δὲ
1486 2152 1753 2227 ἐπιστήμη

72 2235 212 2303 ἐστι’,
251 2239 522 2290 τοσοῦτον
551 2237 769 2305 ἐξαρκεῖ
793 2232 930 2305 πρὸς
958 2233 1061 2305 τὴν
1099 2231 1411 2304 ἀπόδειξιν,
1450 2233 1521 2307 ἣν
1547 2237 1642 2307 ἐμὲ
1671 2240 1760 2293 δεῖ

69 2317 161 2371 καὶ
180 2315 566 2387 Πρωταγόραν
587 2313 870 2383 ἀποδεῖξαι
891 2318 1014 2386 περὶ
1037 2309 1117 2372 ὦν
1135 2314 1337 2388 ἥρεσθ’
1362 2315 1519 2389 ἡμᾶς.
1539 2316 1749 2390 ἤρεσθε
1787 2331 1816 2374 c

72 2397 149 2467 δέ,
177 2402 226 2453 εἰ
242 2400 529 2469 μέμνησθε
542 2439 556 2468 ,
585 2395 748 2469 ἡνίκα
767 2395 920 2469 ἡμεῖς
939 2396 1195 2469 ἀλλήλοις
1213 2395 1610 2472 ὡμολογοῦμεν
1626 2403 1751 2458 ἐπι-

70 2476 278 2550 στήμης
317 2482 488 2550 μηδὲν
527 2477 667 2534 εἶναι
703 2491 979 2550 κρεῖττον,
1016 2477 1156 2535 ἀλλὰ
1192 2485 1358 2536 τοῦτο
1395 2480 1479 2537 ἀεὶ
1509 2494 1749 2553 κρατεῖν,

70 2555 215 2614 ὅπου
234 2556 305 2614 ἄν
324 2562 422 2631 ἐνῇ
434 2603 448 2629 ,
487 2562 577 2615 καὶ
597 2558 803 2632 ἡδονῆς
822 2563 1043 2616 καὶτῶν
1063 2559 1248 2617 ἄλλων
1266 2558 1531 2617 ἁπάντων
1545 2585 1555 2595 ·
1594 2560 1752 2634 ὑμεῖς

72 2639 131 2696 δὲ
152 2638 218 2711 δὴ
241 2646 406 2711 ἔφατε
427 2639 530 2713 τὴν
551 2640 766 2713 ἡδονὴν
791 2642 1052 2715 πολλάκις
1070 2654 1290 2712 κρατεῖν
1309 2646 1519 2700 καὶτοῦ
1540 2645 1750 2710 εἰδότος

71 2719 400 2792 ἀνθρώπου,
421 2723 605 2795 ἐπειδὴ
629 2725 686 2780 δὲ
719 2723 851 2796 ὑμῖν
872 2724 973 2796 οὐχ
995 2717 1405 2797 ὅμολογοῦμεν,
1427 2724 1561 2798 μετά
1584 2734 1747 2782 τοῦτο

74 2802 279 2874 ἤρεσθε
297 2801 464 2929 ἠμᾶιςῐ·
506 2800 549 2861 ὦ
572 2807 916 2877 Πρωταγόρα
935 2829 990 2863 τε
1013 2809 1102 2864 καὶ
1119 2808 1442 2878 Σώκρατες,
1473 2807 1611 2880 εἰμὴ
1636 2812 1751 2864 ἔστι

216 2884 365 2929 Pauo
453 2885 486 2929 1.
1420 2889 1473 2934 13
