1962 3112
741 8 746 17 ι
851 0 1033 42 Jw-gsss'ff'ss
1103 0 1121 18 11
1135 0 1962 50 *⁸211³‘ffl-tssssfffftss›Vivffya'zz-*zfff-‘fwffimssw

201 128 307 181 332
805 131 921 177 HA
929 132 979 178 A
995 129 1097 178 ΤΩ,
1110 133 1164 179 Ν
1177 132 1221 181 Ο
1230 135 1279 180 Σ
1791 137 1878 184 134

342 270 531 320 ΜΕΝ.
575 268 712 318 Τίνα
731 262 902 332 λόγον
922 262 1230 332 λεγόντων;
1363 316 1366 318 ,

343 350 468 400 ΣΩ.
524 343 758 414 Ἀληθῆ,
781 347 962 413 ἔμοιγε
983 347 1196 413 δοκεῖν,
1217 347 1307 399 καὶ
1326 346 1513 402 καλόν.

339 431 526 479 ΜΕΝ.
569 430 706 479 Τίνα
724 419 950 494 τοῦτον,
972 426 1064 479 καὶ
1082 430 1225 489 τίνες
1242 428 1300 481 οἶ
1315 429 1590 496 λέγοντες;

343 511 467 561 ΣΩ.
507 509 581 562 oc
595 507 698 576 μὲν
716 509 969 576 λέγοντές
990 511 1094 562 εἰσι
1113 512 1227 561 τῶν
1246 509 1440 575 ἱερέων
1459 529 1517 563 τε
1550 511 1639 564 καὶ
1658 511 1873 577 ἱερειῶν

202 587 353 651 ὅσοις
373 590 639 658 μεμέληκε
661 590 782 657 περὶ
807 582 886 643 ῶν
916 592 1375 658 μεταχειρίζονται
1393 589 1562 660 λόγον
1582 593 1716 654 οἵοις
1735 588 1773 644 τ’
1798 589 1874 645 εἷ-

203 691 295 723 ναι
315 669 532 725 διδόναι
546 691 556 700 ·
595 671 740 738 λέγει
761 669 818 724 δὲ
841 670 932 724 καὶ
950 672 1233 741 Πίνδαρος
1266 671 1359 724 καὶ
1377 669 1534 725 ἄλλοι
1552 672 1744 726 πολλοὶ
1762 677 1875 725 τῶν

179 780 182 784 ·
203 757 464 821 ποιητῶν,
479 748 600 806 ὅσοι
617 755 769 806 θεῖοί
783 756 936 806 εἰσιν.
977 747 1011 804 ὁὶ
1032 751 1091 806 δὲ
1111 754 1351 821 λέγουσι,
1371 758 1534 808 ταυτί
1543 756 1689 808 ἐστιν
1703 775 1713 785 ·
1737 752 1876 808 ἀλλὰ

203 830 396 887 σκόπει
410 875 424 900 ‚
456 841 510 889 εἷ’
524 850 610 888 σοι
631 837 893 888 δοκοῦσιν
912 824 1098 902 άληθῆ
1117 834 1311 902 λέγειν.
1364 836 1499 902 φασὶ
1517 832 1622 904 γὰρ
1643 832 1745 904 τὴν
1763 845 1874 899 ψυ-

201 910 307 983 χὴν
326 920 428 968 τοῦ
447 912 758 985 ἀνθρώπου
779 912 918 967 εἶναι
937 910 1224 968 ἀθάνατον
1238 955 1253 982 ,
1291 915 1382 968 καὶ
1413 913 1532 968 τοτὲ
1558 917 1659 984 μὲν
1687 920 1877 968 τελευ-

202 1003 323 1069 τᾷν,
349 995 380 1052 ὃ
399 996 465 1067 δὴ
484 996 864 1067 ἀποθνήσκειν
885 1004 1135 1068 καλοῦσι,
1162 997 1281 1053 τοτὲ
1301 998 1359 1053 δὲ
1379 998 1546 1053 πάλιν
1563 1004 1873 1070 γίγνεσθαι,

202 1075 552 1133 ἀπόλλυσθαι
574 1075 626 1132 δ’
652 1077 945 1133 οὐδέποτε·
981 1083 1098 1134 δεῖν
1118 1080 1184 1150 δή
1206 1077 1296 1135 διὰ
1321 1086 1491 1135 ταῦτα
1512 1078 1586 1145 ῶς
1605 1078 1875 1136 ὁσιώτατα

203 1161 492 1229 διαβιῶναι
513 1156 611 1213 τόν
629 1165 778 1230 βίον·

347 1235 455 1294 οἷσι
473 1238 579 1311 γὰρ
600 1236 671 1294 ἄν
693 1242 1022 1311 Φερσεφόνα
1042 1243 1246 1298 ποινὰν
1265 1250 1503 1300 παλαιοῦ
1523 1248 1760 1309 πένθεος

345 1324 575 1391 δέξεται,
598 1326 672 1386 εἰς
690 1320 791 1377 τὸν
811 1321 1062 1394 ὕπερθεν
1080 1324 1239 1380 ἅλιον
1259 1332 1460 1382 κείνων
1479 1326 1653 1399 ἐνάτῳ
1675 1330 1780 1381 ἔτει

343 1402 563 1459 άνδιδοῖ
576 1402 760 1474 ’ψυχάν
779 1405 973 1477 πάλιν,

343 1487 401 1540 ἐκ
414 1492 515 1540 τοῖν
534 1491 791 1557 βασιλῆες
809 1485 1008 1556 ἀγαυοὶ

344 1568 436 1622 καὶ
457 1567 647 1621 σθένει
665 1570 920 1637 κραιπνοὶ
940 1574 1110 1642 σοφίᾳ
1129 1591 1185 1624 τε
1205 1573 1448 1640 μέγιστοι

344 1647 544 1716 ἄνδρες
562 1646 777 1713 αὔξοντ’
793 1671 803 1681 ·
826 1652 879 1714 ἐς
895 1650 953 1706 δὲ
971 1649 1071 1705 τὸν
1090 1651 1286 1706 λοιπὸν
1305 1651 1508 1722 χρόνον
1525 1650 1700 1723 ἥρωες
1716 1649 1871 1722 ἁγνοὶ

888 1730 1025 1801 πρὸς
1046 1730 1366 1803 ἀνθρώπων
1384 1739 1691 1788 καλεῦνται.

343 1817 454 1868 XV.
511 1811 635 1866 ’Ἀτε
654 1806 809 1882 οὖνὴ
831 1812 975 1883 ψυχὴ
998 1813 1279 1879 ἀθάνατός
1300 1836 1356 1869 τε
1387 1810 1526 1869 οὖσα
1556 1816 1646 1869 καὶ
1666 1813 1874 1869 πολλά-

203 1915 286 1956 κις
316 1905 604 1962 γεγονυῖα,
638 1895 730 1948 καὶ
750 1895 1023 1962 ἑωρακυῖα
1044 1897 1134 1950 καὶ
1153 1894 1218 1949 τοὶ
1241 1895 1445 1949 ἐνθάδε
1474 1896 1564 1949 καὶ
1584 1894 1649 1948 τὰ
1670 1896 1729 1949 ἐν
1755 1894 1873 1949 ‘'Ac-

206 1979 308 2029 δον
337 1975 429 2029 καὶ
460 1973 636 2028 πάντα
667 1975 943 2046 χρήματα,
986 1975 1089 2031 οὐκ
1119 1980 1268 2031 ἔστιν
1298 1974 1330 2032 ὅ
1359 1999 1410 2031 τι
1430 1974 1497 2031 οὐ
1525 1975 1870 2046 μεμάθηκεν·

205 2055 344 2111 ὥστε
375 2054 542 2111 οὐδὲν
571 2056 900 2125 θαυμαστὸν
930 2059 1019 2112 καὶ
1048 2061 1171 2126 περὶ
1200 2055 1395 2127 ἀρετῆς
1416 2059 1506 2112 καὶ
1536 2059 1658 2125 περὶ
1690 2055 1870 2112 ἄλλων

205 2135 290 2193 οἷό
296 2161 327 2192 ν
339 2160 395 2193 τε
409 2137 548 2193 εἶναι
562 2136 739 2209 αὐτὴν
751 2138 1197 2210 ἀναμνησθῆναι,
1219 2138 1256 2194 ἅ
1270 2161 1333 2210 γε
1353 2140 1443 2194 καὶ
1457 2139 1730 2209 πρότερον
1742 2137 1871 2208 ἠπί-

206 2235 385 2274 στατο.
442 2218 536 2274 ἅτε
567 2220 673 2290 γὰρ
704 2226 800 2290 τῆς
831 2222 1052 2290 φύσεως
1093 2219 1311 2292 ἁπάσης
1341 2228 1644 2291 συγγενοῦς
1684 2219 1870 2291 οὔσης,

205 2302 296 2356 καὶ
314 2307 696 2371 μεμαθηκυίας
714 2309 808 2372 τῆς
826 2308 1002 2373 ψυχῆς
1020 2301 1255 2372 ἅπαντα,
1277 2300 1442 2357 οὕδεν
1462 2302 1697 2357 κωλύει
1683 2323 1744 2356 εν
1767 2301 1871 2371 μό-

203 2404 306 2438 νον
328 2380 782 2455 ἀναμνησθέντα,
823 2385 853 2442 ὃ
884 2389 950 2459 δὴ
982 2388 1233 2459 μάθησιν
1263 2394 1529 2442 καλοῦσιν
1559 2386 1868 2456 άνθρωποι,

204 2469 374 2520 τάλλα
395 2467 575 2522 πάντα
596 2467 769 2525 αὐτὸν
789 2468 1077 2569 ἀνευρεῖν,
1115 2471 1212 2526 ε’άν
1233 2493 1312 2534 τις
1345 2468 1600 2537 ἀνδρεῖος
1627 2471 1661 2540 ῄ
1683 2470 1774 2523 καὶ
1793 2466 1866 2538 μὴ

205 2544 498 2619 ἀποκάμνῃ
536 2554 732 2620 ζητῶν·
788 2550 848 2606 τὸ
881 2574 987 2622 γαρ
1019 2557 1194 2623 ζητεῖν
1221 2550 1327 2620 άρα
1357 2553 1446 2607 καὶ
1474 2550 1534 2604 τὸ
1557 2549 1870 2620 μανθάνειν

205 2625 506 2698 ἀνάμνησις
534 2628 669 2685 ὅλον
697 2634 857 2686 ἐστίν.
913 2633 1126 2687 οὔκουν
1157 2636 1243 2687 δεῖ
1268 2637 1563 2687 πείθεσθαι
1591 2630 1768 2703 τούτῳ
1791 2638 1869 2704 τῶ

203 2710 454 2781 ἐριστικςό
483 2709 655 2781 λόγῳ·
693 2705 854 2775 οὗτος
882 2714 983 2782 μὲν
1002 2712 1108 2783 γὰρ
1130 2709 1202 2767 ἂν
1231 2711 1374 2782 ἡμᾶς
1393 2709 1598 2779 ἀργοὺς
1619 2712 1865 2782 ποιήσειε

202 2789 293 2843 καὶ
315 2793 425 2844 ἔστι
444 2787 554 2854 τοῖς
574 2798 841 2859 μαλακοῖς
857 2799 968 2847 τῶν
990 2790 1311 2861 ἀνθρώπων
1329 2789 1466 2862 ἡδύς
1485 2791 1745 2862 οἰκοῦσαι,
1775 2791 1868 2846 ὅδε
