2020 3094
219 102 288 154 58
832 105 1307 154 ΠΛΑΤΩΝΟΣ

364 242 479 292 ΛΑ.
539 234 724 293 Οὐδὲν
743 239 852 308 ἐρῶ
881 236 1018 307 πρὸς
1046 244 1246 308 ταῦτα,
1288 242 1428 308 ἔχων
1457 244 1654 310 εἰπεῖν,
1691 244 1784 296 ἵνα
1818 241 1892 314 μή

221 340 286 388 με
308 324 418 391 φῇς
441 316 514 383 ὥς
538 316 765 389 ἀληθῶς
784 320 1033 384 Αἰξωνέα
1056 317 1209 373 εἶναι.

153 414 189 456 D
360 404 484 455 2392.
536 403 700 469 Μηδέ
729 422 791 469 γε
819 409 1000 471 εἴπῃς,
1039 394 1083 455 ὦ
1103 402 1310 471 Λάχης·
1348 403 1440 457 καὶ
1468 402 1575 473 γάρ
1605 407 1895 474 μοιδοκεῐς

219 481 381 536 τόνδε
406 481 478 552 μὴ
510 479 800 554 ᾐσθῆσθαι
819 479 904 537 ὅτι
932 482 1140 553 ταύτην
1157 481 1261 553 τὴν
1285 488 1490 554 σοφίαν
1517 482 1664 554 παρὰ
1683 485 1894 555 Δάμω-

220 584 317 627 νος
345 569 446 617 τοῦ
475 560 745 633 ἡμετέρου
779 564 999 632 ἑταίρου
1026 569 1395 634 παρείληφεν,
1435 561 1463 618 ὁ
1496 563 1554 620 δὲ
1582 564 1796 635 Δάμων
1818 571 1892 638 τῷ

219 647 478 717 Προδίκῳ
517 642 692 700 πολλὰ
733 645 1013 716 πλησιάζει
1028 687 1042 715 ,
1086 642 1146 710 ὂς
1175 643 1242 715 δὴ
1278 649 1433 701 δοκεῖ
1462 651 1575 700 τῶν
1614 653 1894 717 σοφιστῶν

219 724 480 780 κάλλιστα
499 725 564 780 τὰ
586 732 812 780 τοιαῦτα
838 724 1082 795 ὀνόματα
1102 729 1348 795 διαιρεῖν.

361 813 478 861 ΛΑ.
538 809 647 861 Καὶ
663 805 770 877 γὰρ
790 812 1010 877 πρέπει,
1035 800 1078 861 ὦ
1097 807 1419 878 Σώκρατες,
1439 816 1676 882 σοφιστῇ
1690 808 1756 864 τὰ
1778 831 1894 864 τοι-

220 895 362 942 αὕτα
381 895 593 958 μᾶλλον
616 888 998 959 κομψεύεσθαι
1015 884 1052 959 ἢ
1072 886 1235 957 ἀνδρὶ
1255 886 1320 943 ὂν
1339 888 1373 959 ἡ
1394 890 1550 955 πόλις
1567 889 1712 956 ἀξιοῖ
1725 888 1893 963 αὑτῆς

218 969 556 1039 προϊστάναι.
1017 1045 1034 1052 „

153 1068 188 1108 E
320 1091 324 1093 -
359 1057 483 1108 252.
535 1057 745 1124 Πρέπει
763 1059 967 1128 μέντοι,
992 1061 1033 1111 ὦ
1053 1057 1312 1129 μακάριε,
1331 1065 1446 1114 τῶν
1463 1067 1734 1129 μεγίστων
1753 1081 1891 1132 προ-

219 1140 510 1189 στατοῦντι
529 1141 783 1208 μεγίστης
800 1139 1123 1210 φρονήσεως
1141 1143 1404 1210 μετέχειν·
1426 1143 1580 1196 δοκεῖ
1593 1143 1655 1195 δέ
1669 1163 1763 1212 μοι
1783 1147 1892 1198 Νι·-

219 1221 340 1280 κίας
359 1215 508 1281 ἄξιος
528 1215 667 1272 εἶναι
691 1222 1050 1291 ἐπισκέψεως,
1091 1220 1218 1276 ὅποι
1249 1221 1378 1277 ποτὲ
1405 1225 1625 1293 βλέπων
1644 1222 1898 1295 τοῦνομα

216 1304 380 1354 τοῦτο
401 1304 589 1370 τίθησι
607 1299 710 1371 τὴν
729 1300 1006 1373 ἀνδρείαν.

358 1387 477 1436 AA.
528 1380 712 1447 Αὐτὸς
730 1389 923 1439 τοίνυν
944 1385 1162 1453 σκόπει,
1185 1379 1229 1440 ὦ
1249 1385 1557 1457 Σώκρατες.

360 1468 486 1518 Σῼ.
547 1469 724 1520 Τοῦτο
745 1466 923 1535 μέλλω
944 1477 1120 1522 ποιεῖν
1136 1509 1149 1535 ,
1172 1460 1215 1521 ὦ
1235 1465 1448 1536 ἄριστε·
1468 1465 1541 1537 μὴ
1563 1472 1749 1539 μέντοι
1768 1477 1892 1525 οἴου

217 1564 285 1613 με
316 1541 556 1615 ἀφήσειν
586 1561 646 1600 σε
677 1553 771 1617 τῆς
798 1553 1091 1612 κοινωνίας
1120 1553 1221 1602 τοῦ
1250 1548 1448 1619 λόγου,
1492 1546 1630 1604 ἀλλὰ
1661 1549 1891 1621 πρόσεχε

218 1622 317 1679 τὸν
336 1629 479 1679 νοῦν
496 1627 587 1682 καὶ
606 1628 871 1683 συσκόπει
890 1628 955 1684 τὰ
976 1629 1261 1699 λεγόμενα.

356 1712 476 1761 ΛΑ.
532 1713 717 1769 Ταῦτα
739 1710 798 1764 δὲ
816 1714 979 1780 ἔστω,
1003 1715 1053 1765 εἰ
1070 1714 1224 1765 δοκεῖ
1240 1718 1451 1780 χρῆναι.

356 1793 562 1844 XXVII.
636 1794 759 1844 ΣΩ.
807 1788 967 1846 Ἀλλά
991 1794 1151 1847 δοκεῖ.
1184 1790 1254 1847 σὺ
1274 1794 1360 1860 δέ,
1395 1798 1590 1863 Νικία,
1622 1795 1744 1864 λέγε
1761 1791 1891 1865 ἡμῖν

105 1884 190 1930 198
220 1869 387 1923 πάλιν
417 1871 470 1935 ἐξ
500 1868 692 1941 ἀρχῆς·
731 1869 880 1927 οἷσθ’
913 1871 997 1926 ὅτι
1026 1871 1129 1943 τὴν
1157 1870 1421 1943 ἀνδρείαν
1449 1872 1571 1929 κατ’
1602 1873 1772 1945 ἀρχάς
1790 1882 1891 1930 τοῦ

219 1949 392 2019 λόγου
412 1952 757 2023 ἐσκοποῦμεν
777 1950 850 2017 ὦς
867 1958 1031 2023 μέρος
1049 1951 1243 2025 ἀρετῆς
1262 1962 1626 2021 σκοποῦντες;

358 2037 460 2087 ΝΙ.
516 2033 681 2088 Πάνυ
698 2055 774 2102 γε.

357 2119 479 2169 ΣΩ.
554 2112 782 2170 Οὐκοῦν
817 2118 907 2172 καὶ
944 2116 1014 2172 σὺ
1051 2125 1213 2174 τοῦτο
1251 2117 1526 2190 ἀπεκρίνω
1566 2117 1637 2184 ὡς
1673 2121 1887 2191 μόριον.

217 2194 400 2251 ὄντων
420 2194 485 2266 δὴ
507 2197 598 2251 καὶ
617 2195 801 2252 ἄλλων
820 2205 1006 2268 μερῶν
1020 2242 1034 2269 ,
1055 2197 1091 2255 δι’
1110 2201 1397 2271 ξύμπαντα
1416 2199 1581 2273 ἀρετὴ
1604 2203 1887 2272 κέκληται;

357 2283 462 2333 ΝΙ.
508 2282 639 2341 Πῶς
657 2276 765 2347 γὰρ
786 2277 882 2346 οὕ;

364 2364 484 2414 ΣΩ.
530 2353 644 2428 Ἆρ’
670 2354 775 2415 οὖν
794 2359 935 2431 ἅπερ
956 2360 1060 2431 ἐγώ
1081 2364 1262 2418 καὶσὺ
1281 2370 1451 2419 ταῦτα
1471 2367 1671 2433 λέγειςς
1702 2365 1807 2432 ἐγώ
1829 2366 1887 2419 δὲ

217 2447 370 2494 καλῶ
407 2439 545 2509 πρὸς
582 2438 809 2514 ἀνδρείᾳ
847 2444 1227 2515 σωφροσύνην
1272 2446 1362 2500 καὶ
1398 2444 1759 2516 δικαιοσύνην
1798 2446 1886 2499 καὶ

217 2519 338 2576 ἀλλ’
365 2519 499 2576 ἅττα
515 2528 757 2577 τοιαῦτα.
780 2521 848 2576 οὐ
868 2525 959 2579 καὶ
978 2525 1074 2590 σύ;

159 2622 190 2661 Β
358 2608 461 2658 ΝΙ.
517 2603 684 2656 Πάνυ
703 2604 804 2673 μὲν
824 2598 944 2660 οὖν.

356 2688 480 2739 Σῼ.
525 2682 646 2754 Ἔχε
667 2683 735 2754 δή
749 2706 759 2717 ·
797 2692 971 2741 ταῦτα
989 2687 1090 2757 μὲν
1107 2686 1215 2758 γὰρ
1234 2687 1642 2759 ὁμολογοῦμεν,
1685 2690 1808 2758 περὶ
1828 2688 1885 2744 δὲ

213 2769 328 2818 τῶν
347 2767 549 2819 δεινῶν
567 2765 658 2820 καὶ
678 2769 1010 2835 θαρραλέων
1029 2770 1390 2839 σκεψώμεθα,
1429 2768 1578 2834 ὅπως
1597 2767 1668 2840 μὴ
1693 2767 1764 2823 σὺ
1785 2770 1880 2838 μὲν
