1962 3112
330 5 377 17 ἦ·
879 0 882 6 .
1150 0 1170 14 ‘.
1303 0 1333 13 ,ἡ
1568 0 1589 14 ι,
1687 3 1691 11 ι
1789 0 1796 2 ἡ
1831 8 1834 11 ,
1941 0 1962 36 ΓΙ

200 106 306 158 444
793 107 1278 157 ΠΛΑΤῼΝΟΣ
1824 118 1881 160 82

199 242 335 312 μένη
352 263 362 273 ·
382 241 524 312 μόνη
541 239 647 311 γὰρ
668 243 728 296 ἐν
743 247 817 312 τῶ
838 241 960 295 τότε
980 241 1070 295 καὶ
1086 240 1271 311 πρῶτη
1289 239 1505 312 τροφὴν
1521 240 1882 314 ἀνθρωπείαν

90 339 172 383 238
201 321 401 394 ἤνεγκε
433 321 534 378 τόν
553 328 667 376 τῶν
687 327 884 389 πυρῶν
903 323 993 376 καὶ
1011 327 1230 388 κριθῶν
1259 322 1501 392 καρπόν,
1542 316 1586 397 ᾦ
1616 323 1881 379 κάλλιστα

203 406 294 459 καὶ
325 403 521 471 ἄριστα
552 405 806 473 τρέφεται
835 401 895 457 τὸ
931 401 1288 471 ἀνθρώπειον
1317 404 1504 474 γένος,
1551 402 1623 470 ῶς
1655 412 1733 478 τῷ
1763 404 1882 460 ὄντι

201 493 365 541 τοῦτο
395 483 456 540 τὸ
487 489 626 551 ζῶον
655 482 794 554 αὕτη
825 485 1220 554 γεννησαμένη.
1264 490 1476 553 μᾶλλον
1514 484 1572 540 δὲ
1607 484 1747 555 ὑπὲρ
1782 490 1883 556 γῆς

201 564 237 638 ἢ
253 564 522 637 γυναικὸς
552 565 819 637 προσήκει
847 567 1104 635 δέχεσθαι
1125 571 1354 619 τοιαῦτα
1373 564 1637 636 τεκμήρια
1654 587 1664 596 ·
1687 563 1755 620 οὐ
1773 564 1881 636 γὰρ

201 656 273 719 γῆ
303 660 540 718 γυναῖκα
570 653 863 718 μεμίμηται
892 646 1087 716 κυήσει
1116 647 1207 700 καὶ
1237 647 1521 717 γεννήσει,
1562 645 1699 702 ἀλλὰ
1738 645 1881 718 γυνὴ

201 735 324 800 γῆν.
364 730 569 784 τούτου
601 729 659 784 δὲ
679 736 781 784 τοῦ
800 733 1020 797 καρποῦ
1041 723 1141 780 οὐκ
1166 726 1511 796 ἐφθόνησεν,
1550 727 1671 784 ἀλλ’
1704 733 1883 798 ἔνειμε

202 811 293 865 καὶ
323 822 436 874 τοῖς
465 809 648 874 ἅλλοις
664 831 675 841 ·
717 807 850 880 μετὰ
889 810 947 864 δὲ
985 814 1147 862 τοῦτο
1187 809 1372 873 ἐλαίου
1408 809 1653 879 γένεσιν,
1693 810 1883 864 πόνων

203 887 457 961 ἀρωγήν,
497 889 668 961 ἀνῆκε
685 903 798 955 τοῖς
823 890 1098 960 ἐκγόνοις·
1139 892 1463 959 θρεψαμένη
1500 893 1557 944 δὲ
1590 893 1681 945 καὶ
1713 888 1884 961 αὐξή-

138 990 170 1030 Β
205 989 346 1026 σασα
377 971 514 1041 πρὸς
545 971 691 1043 ἥβην
720 972 988 1043 ἄρχοντας
1010 972 1098 1025 καὶ
1123 971 1488 1043 διδασκάλους
1509 969 1694 1026 αὐτῶν
1712 971 1885 1036 θεοὺς

204 1053 505 1124 ἐπηγάγετο
522 1076 532 1086 ·
578 1048 658 1108 ῶν
686 1053 752 1108 τὰ
774 1055 877 1124 μὲν
895 1051 1140 1123 ὀνόματα
1161 1054 1353 1122 πρέπει
1373 1055 1432 1107 ἐν
1450 1059 1524 1126 τῷ
1545 1056 1738 1127 τοιῷδε
1758 1056 1879 1126 ἐᾷν·

205 1142 366 1205 ἴσμεν
394 1135 527 1204 γάρ·
569 1141 624 1191 οἳ
645 1136 743 1191 τὸν
771 1141 897 1207 βίον
923 1133 1083 1206 ἡμῶν
1111 1134 1526 1190 κατεσκεύασαν
1546 1136 1686 1204 πρός
1704 1157 1762 1191 τε
1780 1133 1884 1206 τὴν

203 1215 339 1271 καθ’
361 1213 574 1288 ἡμέραν
595 1222 824 1287 δίαιταν,
845 1220 1034 1287 τέχνας
1055 1217 1308 1286 πρώτους
1327 1218 1774 1288 παιδευσάμενοι,
1794 1218 1885 1272 καὶ

203 1295 342 1369 πρὸς
359 1297 461 1368 τὴν
481 1296 622 1367 ὑπὲρ
645 1306 739 1369 τῆς
767 1297 948 1368 χώρας
980 1296 1238 1369 φυλακὴν
1269 1298 1458 1354 ὅπλων
1486 1306 1678 1370 κτῆσίν
1705 1321 1763 1354 τε
1794 1300 1884 1354 καὶ

202 1385 400 1450 χρῆσιν
416 1382 781 1451 διδαξάμενοι.

346 1466 476 1518 VIII.
551 1467 931 1533 Γεννηθέντες
963 1461 1020 1516 δὲ
1060 1463 1151 1516 καὶ
1190 1464 1585 1527 παιδευθέντες
1622 1462 1799 1527 οὕτως
1831 1470 1883 1520 02'

202 1545 378 1598 τῶνδε
398 1542 666 1612 πρόγονοι
696 1543 882 1617 ᾤκουν
912 1549 1191 1599 πολιτείαν
1211 1543 1782 1614 κατασκευασάμενοι,
1821 1538 1882 1613 ἦς

143 1645 175 1686 G
204 1625 392 1696 ὀρθῶς
411 1630 517 1697 ἔχει
537 1625 625 1682 διὰ
647 1630 899 1699 βραχέων
918 1630 1341 1699 ἐπιμνησθῆναι.
1365 1633 1607 1683 πολιτεία
1627 1627 1734 1698 γάρ
1755 1648 1884 1693 τρο-

205 1709 282 1782 φὴ
306 1707 629 1779 ἀνθρώπων
651 1714 788 1782 ἐστί,
825 1710 961 1781 καλὴ
984 1713 1085 1780 μὲν
1113 1708 1373 1780 ἀγαθῶν,
1414 1707 1446 1780 ἡ
1469 1711 1528 1764 δὲ
1546 1713 1765 1764 ἐναντία
1783 1730 1885 1763 κα-

205 1797 336 1846 κῶν.
383 1788 456 1854 ῶς
492 1785 596 1846 οὖν
633 1794 695 1847 ἐν
732 1799 874 1862 καλῇ
910 1797 1154 1864 πολιτείᾳ
1189 1791 1507 1861 ἐτράφησαν
1546 1794 1602 1846 oc
1634 1791 1886 1862 πρόσθεν

204 1870 383 1944 ἡμῶν,
407 1870 711 1942 ἀναγκαῖον
732 1877 1002 1944 δηλῶσαι,
1027 1871 1098 1927 δι’
1121 1871 1196 1944 ἦν
1217 1874 1281 1944 δὴ
1305 1871 1551 1928 κάκεῖνοι
1571 1871 1774 1943 ἀγαθοὶ
1794 1873 1880 1926 καὶ

206 1957 263 2009 οἱ
281 1962 390 2008 νῦν
421 1959 584 2024 εἰσίν,
626 1949 708 2010 ῶν
727 1959 840 2011 οἵδε
861 1957 1233 2026 τυγχάνουσιν
1254 1954 1411 2020 ὄντες
1431 1958 1487 2010 οἱ
1500 1954 1885 2025 τετελευτηκό-

204 2057 309 2099 τες.
351 2033 386 2107 ἡ
406 2035 511 2106 γὰρ
532 2035 670 2108 αὕτη
694 2044 938 2093 πολιτεία
959 2039 1049 2093 καὶ
1068 2038 1191 2093 τότε
1210 2031 1281 2108 ἦν
1299 2040 1389 2092 καὶ
1409 2044 1532 2108 νῦν,
1555 2034 1880 2105 ἀριστοκρα-

204 2122 291 2171 τιά
304 2160 319 2188 ,
344 2120 405 2173 ἐν
422 2112 462 2191 ᾗ
479 2125 588 2174 νῦν
610 2142 666 2175 τε
687 2120 1094 2191 πολιτευόμεθα
1114 2122 1204 2175 καὶ
1222 2117 1322 2174 τὸν
1342 2117 1424 2175 ἀεὶ
1442 2118 1649 2189 χρόνον
1668 2121 1722 2183 ἐξ
1743 2120 1882 2172 ἐκεί-

205 2220 313 2252 νου
334 2197 407 2263 ῶς
425 2198 490 2255 τά
512 2201 705 2256 πολλά.
728 2209 886 2257 καλεῖ
901 2202 958 2257 δὲ
979 2199 1007 2256 ὁ
1027 2201 1128 2272 μὲν
1148 2199 1327 2272 αὐτὴν
1349 2205 1748 2271 δημοκρατίαν,
1770 2197 1798 2253 ὁ
1824 2199 1882 2254 δὲ

138 2301 172 2341 D
204 2278 364 2350 ἄλλο,
405 2274 452 2353 ᾦ
470 2277 542 2336 ἀν
559 2287 720 2354 χαίρῃ
735 2304 746 2313 ·
785 2288 898 2338 ἔστι
918 2284 976 2339 δὲ
995 2290 1063 2355 τῇ
1083 2281 1318 2355 ἀληθεία
1337 2280 1456 2352 μετ’
1479 2280 1724 2347 εὐδοξίας
1743 2281 1885 2351 πλήω

203 2372 348 2428 θους
368 2361 771 2434 ἀριστοκρατία.
794 2371 1034 2436 βασιλεῖς
1054 2367 1155 2436 μὲν
1167 2365 1273 2435 γάρ
1289 2363 1373 2419 ἀεὶ
1392 2363 1524 2435 ἡμῖν
1543 2370 1683 2420 εἰσίν
1696 2386 1706 2396 ·
1729 2356 1884 2418 οὗτοι

206 2447 265 2501 δὲ
296 2449 418 2501 τοτὲ
441 2448 543 2516 μὲν
574 2450 633 2502 ἐκ
663 2450 888 2518 γένους,
925 2448 1046 2504 τοτὲ
1079 2448 1137 2503 δὲ
1169 2453 1399 2519 αἱρετοί·
1437 2447 1693 2518 ἐγκρατὲς
1713 2447 1770 2501 δὲ
1789 2452 1884 2516 τῆς
1952 2512 1954 2514 V

205 2530 419 2594 πόλεως
455 2529 520 2584 τά
554 2529 732 2585 πολλὰ
762 2530 823 2586 τὸ
866 2538 1108 2603 πλῆθος,
1149 2532 1246 2596 τάς
1277 2530 1334 2585 δὲ
1363 2528 1533 2601 ἀρχὰς
1565 2533 1755 2584 δίδωσι
1791 2530 1882 2584 καὶ
1951 2535 1962 2593 ⁴3

204 2611 408 2678 κράτος
427 2622 540 2674 τοϊς
557 2610 641 2666 ἀεὶ
662 2613 887 2678 δόξασιν
907 2611 1150 2683 ἀρίστοις
1168 2612 1308 2668 εἶναι
1322 2654 1336 2681 ,
1357 2613 1448 2667 καὶ
1468 2609 1596 2665 οὔτε
1617 2609 1883 2682 ἀσθενείᾳ
1946 2664 1949 2665 ⁷

205 2689 334 2747 οὔτε
352 2696 512 2763 πενίᾳ
528 2689 637 2745 οὔτ’
662 2691 911 2767 ἀγνωσία
930 2696 1184 2765 πατέρων
1202 2691 1535 2764 ἀπελήλαται
1555 2690 1735 2756 οὐδεὶς
1751 2690 1882 2747 οὐδὲ
1948 2716 1950 2718 ·

202 2784 315 2837 τοῖς
335 2775 605 2836 ἐναντίοις
621 2778 895 2844 τετίμηται
909 2817 924 2846 ,
957 2774 1141 2846 ῶσπερ
1160 2778 1220 2831 ἐν
1241 2774 1429 2839 ἄλλαις
1449 2773 1701 2845 πόλεσιν,
1741 2772 1880 2829 ἀλλὰ
