1962 3112
201 143 304 194 2152
793 145 1267 194 ΠΛΑΤΩΝΟΣ
1829 156 1881 199 14

205 278 524 349 βουλεύσει;
559 281 731 348 δῆλον
748 275 853 348 γὰρ
874 275 956 332 ὅτι
977 281 1036 333 ἐν
1057 279 1256 352 ἑκάστῃ
1275 285 1480 351 αἱρέσει
1499 280 1598 338 τόν
1619 283 1883 353 τεχνικώ-

205 383 370 417 τατον
392 365 474 416 δεῖ
491 365 783 430 αἱρεῖσθαι.
824 357 948 414 οὐδ’
965 357 1099 415 ὅταν
1117 369 1312 433 τειχῶν
1332 366 1457 435 περὶ
1476 365 1881 436 οἰκοδομήσεως

205 444 242 515 ἢ
261 447 500 514 λιμένων
519 449 860 513 κατασκευῆς
890 438 925 511 ἢ
946 449 1225 515 νεωρίων,
1264 445 1378 501 ἀλλ’
1399 449 1455 502 οἱ
1480 445 1879 518 ἀρχιτέκτονες

209 526 332 583 οὐδ’
357 521 431 581 αὖ
461 526 598 582 ὅταν
629 531 951 596 στρατηγῶν
981 529 1239 593 αἱρέσεως
1268 532 1393 596 πέρι
1428 524 1466 599 ἦ
1495 529 1698 593 τάξεώς
1734 551 1882 594 τινος

151 619 182 661 C
212 607 351 680 πρὸς
370 614 666 680 πολεμίους
683 604 720 679 ἦ
737 615 959 679 χωρίων
979 611 1332 681 καταλήψεως
1351 610 1640 682 συμβουλὴ
1661 633 1724 683 η,
1767 610 1880 666 ἀλλ’

207 698 264 749 οἶ
281 694 628 763 στρατηγικοὶ
645 691 770 746 τότε
791 691 1326 762 συμβουλεύσουσιν,
1341 696 1398 747 οι
1412 692 1690 764 ρητορικοὶ
1711 695 1769 748 δὲ
1788 693 1882 748 οὔ·

207 772 243 847 ἢ
263 783 376 840 πῶς
396 778 582 845 λέγεις,
606 768 649 829 ῶ
667 779 902 844 Γοργία,
933 773 998 827 τὰ
1020 780 1267 839 τοιαῦτα;
1306 774 1490 846 ἐπειδὴ
1512 773 1618 847 γάρ
1639 773 1808 840 αὐτός
1826 797 1883 830 τε

210 858 321 932 φῂς
346 860 529 931 ῥήτωρ
561 857 700 914 εἶναι
727 859 818 913 καὶ
848 857 1053 921 ἄλλους
1087 868 1265 912 ποιεῖν
1293 859 1644 928 ῥητορικούς,
1684 851 1749 913 εὖ
1775 862 1883 927 ἔχει

209 942 275 998 τὰ
294 949 389 1014 τῆς
420 948 519 1013 σῆς
548 943 737 1011 τέχνης
766 940 914 1009 παρὰ
946 946 1050 995 σοῦ
1077 940 1489 995 πυνθάνεσθαι.
1542 942 1634 995 καὶ
1663 943 1755 1011 ἐμὲ
1774 946 1883 994 νῦν

210 1025 445 1095 νόμισον
465 1025 557 1079 καὶ
587 1022 648 1078 τὸ
683 1021 786 1077 σὸν
807 1023 1068 1078 σπεύδειν
1084 1043 1094 1053 ·
1131 1030 1261 1087 ἴσως
1278 1019 1385 1092 γὰρ
1406 1024 1497 1077 καὶ
1525 1023 1783 1093 τυγχάνει
1802 1045 1886 1087 τις

210 1115 323 1164 τῶν
343 1111 508 1163 ἔνδον
526 1108 709 1162 ὄντων
728 1106 982 1177 μαθητής
1001 1122 1105 1160 σου
1124 1106 1467 1175 βουλόμενος
1486 1106 1776 1174 γενέσθαι,
1809 1102 1882 1169 ὡς

209 1191 318 1261 ἐγώ
339 1213 490 1255 τινας
510 1188 708 1260 σχεδὸν
727 1192 816 1244 καὶ
839 1187 1080 1260 συχνοὺς
1100 1187 1455 1257 αἰσθάνομαι,
1472 1192 1526 1242 οἳ
1542 1195 1672 1251 ἴσως
1692 1188 1883 1257 αἰσχύ-

147 1281 179 1321 D
211 1270 375 1328 νοιντ’
397 1271 469 1327 ἄν
488 1290 548 1327 σε
564 1270 886 1340 ἀνερέσθαι·
923 1267 1013 1324 ὑπ’
1036 1272 1172 1341 ἐμοῦ
1202 1263 1308 1325 οὖν
1338 1269 1766 1340 ἀνερωτώμενος
1786 1270 1883 1325 vo'-

212 1373 374 1426 μισον
395 1356 485 1410 καὶ
506 1352 597 1409 ὑπ’
619 1355 847 1409 ἐκείνων
868 1350 1259 1419 ἀνερωτοῖσθαι
1276 1373 1286 1382 ·
1326 1359 1379 1406 τί
1403 1349 1563 1422 ἡμῖν,
1592 1346 1638 1407 ῶ
1656 1358 1881 1423 Γοργία,

212 1443 377 1507 ἔσται,
395 1437 490 1492 ε’άν
512 1456 600 1492 σοι
618 1442 904 1506 συνῶμεν;
944 1435 1066 1505 περὶ
1085 1440 1253 1489 τίνων
1272 1440 1338 1505 τῇ
1357 1434 1516 1490 πόλει
1528 1435 1881 1506 συμβουλεύ-

214 1543 297 1576 ειν
316 1519 428 1577 οἶοί
442 1543 498 1575 τε
519 1518 785 1589 ἐσόμεθα;
821 1516 1060 1585 πότερον
1079 1517 1203 1584 περὶ
1223 1519 1440 1571 δικαίου
1458 1516 1636 1587 μόνον
1654 1518 1745 1572 καὶ
1765 1515 1886 1573 ἀδί-

151 1665 158 1669 ,
212 1626 317 1659 κου
344 1599 380 1674 ἢ
411 1605 500 1658 καὶ
529 1603 653 1670 περὶ
682 1595 763 1656 ῶν
791 1606 900 1655 νῦν
932 1597 998 1670 δὴ
1018 1598 1324 1670 Σωκράτης
1351 1602 1530 1669 ἔλεγες
1583 1606 1758 1668 πειρῶ
1775 1594 1874 1655 οὖν

213 1683 398 1750 αὐτοῖς
416 1683 833 1752 ἀποκρίνεσθαι.

353 1773 511 1822 ΓΟΡ.
559 1763 690 1820 Ἀλλ’
713 1765 820 1835 ἐγώ
840 1782 927 1819 σοι
962 1765 1314 1834 πειράσομαι,
1358 1758 1402 1818 ῶ
1421 1765 1743 1835 Σώκρατες,
1784 1782 1876 1821 σοι,

215 1855 334 1919 φῶς
372 1846 727 1912 ἀποκαλύψαι
757 1844 861 1916 τὴν
899 1851 993 1915 τῆς
1032 1846 1325 1916 ῥητορικῆς
1364 1846 1604 1918 δύναμιν
1640 1846 1880 1903 ἅπασαν·

214 1928 381 1995 αὐτὸς
416 1929 523 2000 γὰρ
558 1935 738 1993 καλῶς
773 1926 1059 1999 ύφηγήσω.
1137 1926 1303 1983 οἶσθα
1332 1926 1439 1999 γάρ
1477 1931 1658 2001 δήπου
1694 1929 1780 1988 ὅτι
1816 1931 1877 1986 τὰ

154 2027 188 2068 Ε
217 2012 419 2081 νεώρια
456 2019 629 2066 ταῦτα
666 2012 757 2066 καὶ
785 2009 850 2065 τὰ
872 2015 1014 2081 τείχη
1044 2007 1111 2064 τὰ
1135 2008 1449 2081 Ἀθηναίων
1478 2014 1568 2067 καὶ
1601 2011 1770 2084 ἡτῶν
1797 2021 1880 2070 λι-

215 2099 400 2168 μένων
429 2091 739 2164 κατασκευή
772 2094 831 2147 ἐκ
860 2098 956 2163 τῆς
986 2097 1417 2164 Θεμιστοκλέους
1446 2102 1764 2167 συμβουλῆς
1791 2101 1885 2167 γέ-

213 2199 372 2249 γονε,
410 2175 477 2231 τά
516 2174 569 2230 δ’
606 2178 667 2231 ἐκ
703 2182 799 2246 τῆς
835 2179 1194 2246 Περικλέους,
1246 2173 1359 2231 ἀλλ’
1398 2175 1500 2231 οὐκ
1539 2180 1599 2232 ἐκ
1635 2184 1749 2232 τῶν
1785 2181 1883 2250 δη-

214 2265 515 2332 μιουργῶν.

353 2346 476 2397 Σῼ.
514 2342 746 2411 Λέγεται
764 2347 952 2409 ταῦτα,
975 2335 1022 2396 ῶ
1044 2346 1262 2410 Γοργία,
1284 2342 1405 2408 περὶ
1427 2342 1881 2411 Θεμιστοκλέους·

212 2424 550 2494 Περικλέους
569 2423 628 2477 δὲ
656 2423 746 2477 καὶ
777 2420 944 2486 αὐτὸς
972 2422 1184 2493 ἤκουον
1204 2419 1293 2476 ὅτε
1314 2421 1726 2492 συνεβούλευεν
1743 2419 1874 2493 ἡμῖν

214 2507 459 2574 περὶτοῦ
481 2502 570 2558 διά
590 2506 762 2573 μέσου
780 2509 1006 2573 τείχους.

101 2602 188 2646 456
356 2589 511 2638 ΓΟΡ.
555 2585 666 2639 Καὶ
695 2583 832 2639 ὅταν
859 2586 925 2654 γέ
939 2606 1019 2649 τις
1039 2588 1242 2655 αἵρεσις
1259 2578 1297 2658 ᾗ
1317 2578 1399 2639 ῶν
1419 2582 1485 2654 δὴ
1507 2581 1579 2638 σύ
1597 2587 1804 2654 ἔλεγες,
1839 2578 1885 2639 ὦ

213 2664 535 2734 Σώκρατες,
575 2663 711 2737 ὁρᾷς
730 2664 811 2721 ὅτι
836 2669 893 2721 oc
916 2665 1142 2738 ῥήτορές
1171 2671 1309 2722 εἰσιν
1337 2670 1396 2722 οἰ
1411 2666 1886 2736 συμβουλεύοντες

214 2749 305 2803 καὶ
325 2750 382 2801 οἶ
395 2752 658 2810 νικῶντες
676 2744 772 2811 τάς
790 2748 1015 2817 γνώμας
1038 2751 1164 2817 περὶ
1183 2749 1414 2803 τούτων.

353 2833 475 2883 ΣΩ.
521 2833 708 2883 Ταῦτα
731 2831 820 2883 καὶ
839 2830 1169 2901 θαυμάζων,
1191 2824 1237 2885 ώ
1251 2836 1284 2885 1
1288 2834 1476 2900 ὀργία,
1492 2828 1660 2885 πάλαι
1679 2832 1877 2899 ἐρωτῶ.
