2020 3094
261 181 329 231 86
417 210 424 211 ff
854 175 1328 224 ΠΛΑΤΩΝΟΣ

266 311 296 384 ἡ
318 316 476 369 αἰτία.
525 311 735 383 Ὀρθῶς
754 312 941 380 λε’γεις.
996 306 1228 364 Οὐκοῦν
1249 305 1591 380 ὡμολόγηται
1608 306 1737 380 ἡμῖν
1756 306 1816 363 τὸ
1837 316 1929 378 φί-

269 403 366 452 λον
385 403 567 467 φιλεῖν
586 417 638 450 τι
655 395 744 450 καὶ
768 393 860 448 διά
878 414 930 447 τι
945 413 956 423 ·
994 392 1087 447 καὶ
1116 388 1381 465 ᾠήθημεν
1407 392 1530 448 τότε
1550 413 1612 462 γε
1642 390 1731 447 διὰ
1752 391 1810 446 τὸ
1832 413 1934 445 κα·-

265 476 369 533 κόν
384 475 444 532 τὸ
463 475 595 548 μήτε
611 473 831 546 άγαθόν
847 474 980 546 μήτε
993 471 1236 529 κακόντὸ
1252 469 1471 543 άγαθόν
1488 479 1693 543 φιλεῖν;
1712 471 1928 543 Ἀληθῆ.

206 561 238 600 D
270 566 400 614 Νῦν
419 563 482 615 δέ
498 580 587 629 γε,
630 556 701 624 ὡς
728 562 898 627 ἔοικε,
938 561 1192 626 φαίνεται
1211 553 1346 626 ἄλλη
1377 577 1455 620 τις
1475 560 1617 610 αἰτία
1636 560 1736 608 τοῦ
1754 559 1932 624 φιλεῖν

264 663 321 696 τε
340 642 432 697 καὶ
452 647 749 712 φιλεῖσθαι.
787 639 1021 695 ’Ἐοικεν.
1070 631 1178 706 Ἆρ’
1200 631 1306 692 οὖν
1335 644 1411 711 τῷ
1431 637 1576 705 ὄντι,
1611 635 1793 705 ὥσπερ
1813 635 1933 706 ἄρτι

264 720 602 795 ἐλέγομεν,ἡ
625 725 891 793 ἐπιθυμία
909 728 1003 791 τῆς
1023 726 1206 790 φιλίας
1227 723 1368 775 αἰτία
1382 761 1397 789 ,
1429 721 1519 774 καὶ
1538 717 1596 773 τό
1619 720 1934 788 ἐπιθυμοῦν

266 811 432 877 φίλον
450 807 561 862 ἐστὶ
578 806 756 879 τούτῳ
778 798 846 860 οῦ
867 807 1129 874 ἐπιθυμεῖ
1142 803 1232 857 καὶ
1251 801 1371 857 τότε
1391 800 1525 857 ὅταν
1544 803 1804 873 ἐπιθυμῇ,
1826 798 1857 855 ὃ
1877 803 1935 857 δὲ

268 886 329 943 τὸ
354 887 625 958 πρότερον
645 889 904 958 ἐλέγομεν
922 893 1088 958 φίλον
1110 883 1275 955 εἶναι,
1310 882 1486 949 ὕθλος
1506 906 1585 948 τις
1612 878 1710 954 ἦν,
1751 883 1934 951 ὥσπερ

268 975 473 1041 ποίημα
509 968 726 1040 μακρὸν
761 974 1150 1039 συγκείμενον;
1197 967 1530 1023 Κινδυνεύει
1544 1010 1558 1037 ,
1606 972 1727 1038 ἔφη.
1779 965 1934 1021 Ἀλλοῖ

269 1055 470 1123 μέντοι,
491 1045 563 1123 ἦν
585 1050 638 1106 δ’
660 1051 766 1121 ἐγώ
777 1093 792 1121 ,
811 1051 874 1107 τό
899 1072 961 1121 γε
980 1053 1322 1120 ἐπιθυμοῦν,
1345 1042 1416 1104 οῦ
1435 1045 1508 1104 ὅὶν
1526 1050 1705 1114 ἐνδεὲς
1723 1042 1759 1121 ᾗ
1771 1092 1784 1120 ,
1805 1048 1937 1103 τού-

209 1148 242 1187 Ε
270 1156 370 1190 του
388 1136 660 1204 ἐπιθυμεῖ.
696 1127 732 1204 ἦ
752 1132 887 1203 γάρ;
926 1137 1051 1187 Ναί.
1110 1132 1183 1188 Τὸ
1207 1132 1264 1188 δ’
1286 1133 1465 1197 ἐνδεὲς
1485 1133 1591 1201 ἄρα
1612 1138 1777 1203 φίλον
1796 1135 1934 1187 ἐκεί-

270 1240 374 1274 νου
395 1210 466 1273 οῦ
487 1213 559 1272 ὅίν
578 1217 754 1283 ἐνδεὲς
774 1209 834 1288 ᾖς
869 1222 1047 1271 Δοκεῖ
1057 1236 1164 1285 μοι.
1208 1212 1414 1278 Ἐνδεὲς
1436 1217 1492 1269 δὲ
1511 1219 1754 1284 γίγνεται
1777 1206 1846 1268 οὗ
1867 1212 1932 1268 ἄν

271 1323 350 1365 τις
369 1298 682 1372 ἀφαιρῆται.
719 1305 851 1364 Πῶς
869 1297 921 1354 δ’
945 1297 1040 1363 οὕς
1085 1303 1201 1353 Τοῦ
1221 1301 1426 1352 οἰκείου
1446 1297 1543 1369 δή,
1588 1295 1659 1362 ὦς
1678 1300 1882 1365 ἔοικεν,
1903 1295 1931 1351 ὅ
2018 1355 2020 1360 ,

272 1405 328 1438 τε
360 1387 496 1454 ἔρως
524 1385 615 1439 καὶ
633 1381 665 1453 ἡ
701 1388 853 1453 φιλία
874 1383 963 1437 καὶ
1000 1378 1033 1452 ἡ
1074 1383 1336 1451 ἐπιθυμία
1367 1379 1624 1450 τυγχάνει
1660 1373 1798 1434 οῦσα
1812 1421 1826 1449 ,
1867 1376 1934 1443 ὠς

273 1471 550 1536 φαίνεται,
591 1458 637 1521 ὦ
655 1466 936 1530 Μενέξενέ
961 1486 1017 1519 τε
1047 1465 1137 1519 καὶ
1154 1463 1314 1520 Λύσι.
1373 1460 1724 1532 Συνεφάτην.
1767 1458 1936 1531 Ὑμεῖς

273 1549 382 1618 ἄρα
413 1554 462 1604 εἰ
480 1557 631 1619 φίλοι
664 1548 822 1605 ἐστὸν
853 1547 1134 1619 άλλήλοις,
1175 1543 1342 1614 φύσει
1369 1565 1443 1618 πῃ
1462 1549 1655 1600 οἰκεῖοί
1670 1543 1784 1600 ἐσθ’
1805 1545 1937 1614 ὑμῖν

275 1630 472 1696 αὐτοῖς.
528 1637 745 1703 Κομιδῇ
757 1675 772 1702 ,
811 1630 1033 1701 ἐφάτην.
1088 1630 1197 1684 Καὶ
1235 1632 1284 1683 εί
1309 1626 1414 1696 ἄρα
1444 1649 1522 1691 τις
1554 1628 1734 1697 ἕτερος
1753 1628 1940 1698 ἑτέρου

160 1725 244 1767 222
275 1717 562 1784 ἐπιθυμεῖ,
584 1708 654 1786 ἦν
674 1713 725 1769 δ’
747 1714 882 1786 ἐγώ,
914 1708 955 1768 ὦ
979 1716 1195 1781 παῖδες,
1227 1706 1262 1780 ἢ
1283 1712 1404 1782 ἐρᾷ,
1447 1707 1549 1765 οὐκ
1571 1708 1642 1764 ἄν
1662 1731 1790 1764 ποτε
1815 1712 1938 1764 ἐπε-

273 1796 444 1867 θύμει
465 1793 592 1851 οὐδὲ
612 1794 717 1867 ἤρα
736 1793 866 1851 οὐδὲ
886 1799 1058 1865 ἐφίλει
1072 1837 1085 1864 ,
1117 1798 1167 1849 εἰ
1182 1789 1255 1863 μὴ
1279 1791 1475 1857 οἰκεῖός
1495 1813 1569 1864 πῃ
1589 1799 1663 1866 τῷ
1686 1796 1938 1864 ἐρωμένῳ

276 1879 573 1949 ἐτύγχανεν
585 1874 664 1933 ὧν
683 1874 718 1949 ἢ
737 1877 873 1934 κατὰ
894 1877 995 1948 τὴν
1009 1876 1190 1947 ψυχὴν
1210 1871 1246 1945 ἢ
1265 1874 1402 1929 κατά
1423 1897 1473 1929 τι
1493 1882 1587 1944 τῆς
1605 1882 1780 1945 ψυχῆς
1799 1867 1940 1944 ἦθος

2015 1718 2020 1746 -4
2007 1506 2020 1708 -ι-Μ“Ὰ..Δαέί
2011 1472 2020 1482 ι
2013 1448 2020 1459 ς
2014 1361 2020 1376 μ

274 1957 311 2032 ἢ
337 1962 577 2032 τρόπους
596 1957 631 2031 ἢ
652 1959 805 2024 εἶδος.
844 1959 1008 2015 Πάνυ
1023 1958 1116 2030 γε,
1142 1963 1244 2028 ἔφη
1268 1955 1295 2012 ὁ
1318 1960 1651 2023 Μενέξενος·
1692 1955 1718 2012 ὁ
1744 1961 1801 2012 δὲ
1821 1957 1941 2011 Λυ’-
2012 1962 2020 2010 ζ

278 2064 362 2110 σις
389 2047 654 2115 ἐσίγησεν.
712 2043 870 2113 Εἶεν,
908 2036 978 2113 ἦν
1010 2039 1059 2096 δ’
1087 2041 1209 2112 ἐγώ.
1253 2040 1312 2095 τὸ
1337 2042 1436 2110 μὲν
1469 2039 1533 2110 δὴ
1555 2039 1718 2109 φύσει
1739 2045 1941 2096 οἰκεῖον

276 2128 580 2199 ἀναγκαῖον
597 2126 728 2201 ἡμῖν
748 2131 1019 2198 πέφανται
1039 2132 1235 2196 φιλεῖν.
1261 2122 1493 2193 Ἔοικεν,
1515 2126 1634 2193 ἔφη.
1659 2120 1942 2192 Ἀναγκαῖ-
2012 2123 2020 2184 -ζ

277 2234 342 2267 ον
362 2210 470 2281 ἄρα
503 2219 580 2286 τῷ
612 2217 820 2284 γνησίῳ
842 2213 1041 2282 ἐραστῇ
1063 2204 1246 2290 καὶμὴ
1280 2205 1629 2278 προσποιήτςο
1660 2210 1942 2273 φιλεῖσθαι

211 2306 242 2345 Β
275 2293 385 2350 ὑπὸ
424 2301 535 2350 τῶν
573 2298 859 2349 παιδικῶν.
918 2290 944 2348 ὁ
987 2290 1086 2361 μὲν
1125 2291 1229 2343 οῦν
1247 2288 1420 2352 Λῦσις
1457 2289 1546 2342 καὶ
1585 2285 1612 2341 ὁ
1635 2287 1943 2351 Μενέξενος
2016 2287 2020 2328 ³

277 2377 435 2449 μόγις
455 2398 567 2442 πως
588 2375 988 2445 ἐπενευσάτην,
1020 2369 1049 2428 ὁ
1073 2369 1476 2441 δὲ’[πποθάλης
1495 2367 1600 2424 ὑπὸ
1625 2375 1718 2439 τῆς
1740 2366 1942 2438 ἡδονῆς
2014 2403 2020 2414 .-

277 2457 599 2514 παντοδαπὰ
624 2456 774 2529 ἠφίει
792 2456 1061 2528 χρώματα.
2007 2454 2009 2458 ’

416 2548 594 2598 XVIII.
669 2542 777 2595 Καὶ
800 2536 902 2609 ἐγώ
934 2537 1117 2607 εἶπον,
1154 2537 1492 2610 βουλόμενος
1519 2533 1618 2590 τὸν
1636 2534 1806 2604 λόγον
1827 2536 1942 2589 ἐπι-
2012 2565 2020 2598 ,ι

280 2625 617 2690 σκέψασθαι,
638 2626 709 2677 Εἰ
726 2626 826 2691 μέν
845 2643 895 2675 τι
915 2617 974 2675 τὸ
999 2624 1203 2675 οἰκεῖον
1220 2626 1322 2675 τοῦ
1339 2616 1532 2689 ὁμοίου
1552 2620 1799 2687 διαφέρει
1814 2659 1827 2684 ,
1851 2619 1940 2671 λέ-

279 2728 470 2777 γοιμεν
490 2706 558 2760 ἄν
579 2728 629 2761 τι
645 2748 659 2776 ,
684 2702 754 2769 ὡς
777 2704 893 2774 ἐμοὶ
915 2707 1079 2772 δοκεῖ,
1107 2697 1152 2756 ὦ
1169 2702 1314 2758 Λύσι
1332 2722 1390 2755 τε
1412 2701 1502 2755 καὶ
1526 2701 1823 2769 Μενέξενε,
1845 2718 1943 2752 πε-

261 2779 334 2858 ’ρὶ
354 2794 538 2859 φίλου,
561 2785 599 2843 δ’
612 2792 781 2842 ἔστιν·
822 2790 872 2842 εί
890 2788 946 2841 δὲ
964 2784 1172 2841 ταῦτὸν
1191 2784 1448 2855 τυγχάνει
1467 2778 1535 2837 ὂν
1555 2779 1753 2852 ὅμοιόν
1778 2802 1834 2835 τε
1855 2780 1942 2834 καὶ
2008 2785 2020 2839 ἐξ

278 2875 509 2942 οἰκεῖον,
531 2870 597 2926 οὐ
617 2871 814 2943 ῥᾴδιον
834 2867 1124 2924 ἀπολιπεῖν
1142 2866 1240 2922 τὸν
1263 2866 1516 2929 πρόσθεν
1547 2863 1745 2933 λόγον,
1785 2860 1855 2924 ὡς
1876 2857 1941 2915 οῦ
