1962 3112
214 115 319 168 256
812 117 1284 163 ΠΛΑΤιιΝοΣ
1698 85 1703 87 ’
1829 95 1885 170 53

217 270 341 307 πειν
362 273 451 322 μοι
476 253 650 318 δοκεῖ,
692 250 784 304 καὶ
801 245 1040 318 ἡγοῦμαι
1062 247 1362 318 ἐλεύθερόν
1378 272 1501 304 τινα
1520 249 1659 306 εἶναι
1680 256 1879 307 τοῦτον

216 332 315 390 τὸν
344 334 650 403 ἄνθρωπον
663 374 676 400 ,
716 329 815 386 τὸν
846 329 904 385 δὲ
933 327 1006 400 μὴ
1047 336 1463 401 φιλοσοφοῦντα
1503 330 1880 401 ἀνελεύθερον

219 417 310 471 καὶ
330 414 590 471 οὐδέποτε
614 412 843 477 οὐδενὸς
870 410 1174 477 ἀξιώσοντα
1193 411 1391 469 ἑαυτὸν
1409 412 1536 469 οὔτε
1563 421 1737 471 καλοῦ
1756 415 1884 470 οὔτε

153 511 189 552 D
220 502 481 569 γενναίου
518 496 858 566 πράγματος·
905 493 1041 549 όταν
1076 493 1134 549 δὲ
1175 493 1240 565 δὴ
1274 494 1648 566 πρεσβύτερον
1680 499 1779 551 ἴδω
1808 499 1882 550 ἔτι

222 583 642 649 φιλοσοφοῦντα
672 577 762 631 καὶ
792 574 863 646 μὴ
887 574 1398 646 ἀπαλλαττόμενον,
1431 583 1657 647 πληγῶν
1674 598 1766 647 μοι
1787 580 1882 632 δο-

220 673 308 716 κεῖ
320 659 422 732 ἤδη
448 664 690 728 δεῖσθαι,
730 651 774 712 ώ
792 658 1113 728 Σώκρατες,
1153 651 1315 723 οὗτος
1333 656 1362 713 ὁ
1387 656 1542 728 ἀνήρ.
1599 655 1631 713 ὃ
1647 657 1754 728 γὰρ
1775 665 1883 714 νῦν

216 743 282 812 δὴ
306 748 523 812 ἔλεγον,
563 738 794 811 ὑπάρχει
824 740 1000 814 τούτῳ
1037 761 1112 794 τω
1143 737 1456 812 ἀνθρώπῳ,
1493 762 1600 795 καν
1619 742 1768 796 πάνυ
1788 739 1883 796 εὐ-

223 822 373 895 φυὴς
390 818 425 896 ᾗ
439 866 453 894 ,
476 822 734 895 ἀνάνδρῳ
756 825 1018 891 γενέσθαι
1039 822 1304 892 φεύγοντι
1322 819 1388 876 τά
1407 823 1542 890 με’σα
1561 828 1655 891 τῆς
1673 822 1881 886 πόλεως

219 908 310 961 καὶ
331 904 428 970 τὰς
443 903 663 975 ἀγοράς,
685 907 744 959 ἐν
765 899 848 968 αἷς
867 908 970 974 ἔφη
988 901 1016 958 ὁ
1039 901 1262 974 ποιητὴς
1281 901 1408 967 τούς
1429 901 1635 972 ἄνδρας
1654 901 1882 973 ἀριπρε-

219 999 336 1051 πεῖς
354 992 645 1057 γίγνεσθαι
658 1027 674 1055 ,
707 984 1098 1040 καταδεδυκότι
1127 987 1184 1039 δὲ
1202 982 1301 1040 τὸν
1330 983 1526 1040 λοιπὸν
1544 988 1669 1055 βίον
1685 990 1882 1055 βιῶναι

219 1068 352 1138 μετὰ
371 1072 666 1138 μειρακίων
687 1069 747 1122 ἐν
765 1072 936 1139 γωνιά
957 1088 1126 1135 τριων
1152 1062 1188 1136 ἢ
1206 1066 1480 1136 τεττάρων
1497 1059 1877 1135 ψιθυρίζοντα,

149 1163 183 1205 Ε
217 1151 518 1218 ἐλεύθερον
533 1152 589 1203 δὲ
601 1149 691 1203 και
702 1170 839 1218 μεγα
852 1149 940 1203 καὶ
954 1147 1212 1203 νεανικὸν
1225 1150 1493 1247 μηδέποτε
1512 1148 1880 1216 φθέγξασθαι.
1897 1157 1962 1224 ἄιε*

358 1237 484 1286 XLI.
553 1229 687 1301 Ἐγω
720 1235 805 1302 δέ,
839 1226 881 1287 ώ
904 1232 1224 1302 Σώκρατες,
1254 1232 1390 1302 πρὸς
1411 1233 1470 1286 σὲ
1499 1234 1746 1296 ἐπιεικῶς
1776 1232 1894 1301 ἔχω

220 1321 475 1385 φιλικῶς·
514 1313 828 1370 κινδυνεύω
849 1317 955 1368 οὐν
974 1317 1316 1369 πεπονθέναι
1345 1318 1455 1367 νῦν
1483 1311 1617 1381 ὅπερ
1642 1311 1671 1368 ὁ
1692 1319 1877 1384 Ζῆθος
1936 1310 1938 1313 ’

219 1394 358 1464 πρὸς
375 1395 475 1451 τὸν
505 1395 776 1467 Ἀμφίονα
808 1393 836 1449 ὁ
856 1393 1189 1464 Εὐριπίδου,
1233 1386 1404 1461 οὗπερ
1428 1393 1728 1464 ἐμνήσθην.
1789 1398 1879 1450 καὶ

216 1476 322 1548 γὰρ
352 1480 470 1549 ἐμοὶ
499 1477 697 1533 τοιαῦτ’
722 1477 854 1533 ἄττα
886 1478 1160 1547 ἐπέρχεται
1192 1474 1329 1543 πρὸς
1359 1475 1418 1531 σὲ
1447 1475 1655 1544 λέγειν,
1687 1470 1880 1544 οἷάπερ

218 1563 424 1625 ἐκεῖνος
445 1560 582 1631 πρὸς
600 1557 698 1615 τὸν
717 1557 986 1629 ἀδελφόν,
1017 1556 1102 1613 ὅτι
1120 1555 1359 1628 ἀμελεῖς,
1393 1549 1436 1610 ὦ
1457 1555 1775 1626 Σώκρατες,
1798 1551 1877 1612 ών

218 1645 304 1697 δεῖ
318 1659 379 1697 σε
398 1645 798 1713 ἐπιμελεῖσθαι,
835 1642 924 1696 καὶ
955 1639 1128 1710 φύσιν
1147 1645 1321 1709 ψυχῆς
1344 1631 1451 1692 ὦδε
1479 1642 1742 1707 γενναίαν
1759 1659 1879 1708 μει-

100 1734 185 1783 486
220 1724 479 1795 ρακιώδει
506 1725 608 1779 τινὶ
641 1725 954 1790 διαπρέπεις
982 1719 1334 1791 μορφώματι,
1372 1719 1462 1774 καὶ
1489 1713 1599 1774 οὔτ’
1631 1715 1705 1772 ἀν
1730 1721 1883 1790 δίκης
1951 1740 1954 1750 ²

218 1813 473 1877 βουλαῖσι
492 1802 746 1875 προσθεῖ’
769 1799 839 1858 ἂν
858 1802 1016 1870 ὀρθοῖ
1019 1825 1045 1867 ς
1064 1803 1262 1871 λόγον,
1294 1798 1405 1855 οὔτ’
1427 1799 1569 1864 εἰκὸς
1588 1796 1658 1855 ἄν
1676 1801 1766 1856 καὶ
1785 1821 1878 1855 πι-
1940 1797 1943 1799 ’

218 1885 402 1941 θανόν
421 1885 632 1957 λάβοις,
665 1881 790 1939 οὔθ’
813 1881 951 1953 ὑπὲρ
971 1882 1143 1938 ἄλλου
1161 1879 1419 1936 νεανικὸν
1437 1880 1721 1951 βούλευμα
1738 1886 1878 1951 βου-
1940 1909 1962 1958 *3

218 1969 456 2024 λεύσαιο.
522 1973 725 2035 καίτοι,
776 1959 820 2020 ὦ
858 1971 984 2034 φίλε
1018 1965 1312 2034 Σώκρατες
1347 1997 1415 2003 —
1452 1970 1544 2018 καί
1576 1985 1669 2033 μοι
1706 1963 1878 2034 μηδὲν

216 2047 522 2120 ἀχθεσθῇς·
573 2046 761 2120 εὐνοίᾳ
789 2046 894 2117 γὰρ
926 2050 1032 2116 ἐρῶ
1060 2053 1125 2118 τῇ
1155 2051 1224 2118 σῇ
1250 2079 1311 2088 -
1350 2041 1452 2100 οὐκ
1483 2042 1710 2114 αἰσχρὸν
1729 2049 1882 2101 δοκεῖ

216 2148 304 2186 σοι
317 2130 455 2186 εἶναι
473 2129 648 2193 οὕτως
662 2134 819 2199 ἔχειν,
842 2125 914 2193 ὥς
927 2125 1032 2197 ἐγώ
1045 2128 1104 2182 σὲ
1117 2125 1265 2198 οἶμαι
1279 2130 1419 2197 ἔχειν
1431 2129 1518 2181 καὶ
1538 2124 1667 2190 τοὺς
1683 2125 1881 2193 ἄλλους

220 2211 351 2277 τοὺς
380 2211 569 2282 πόρρω
602 2209 685 2266 ἀεὶ
713 2216 1042 2281 φιλοσοφίας
1070 2208 1430 2275 ἐλαύνοντας;
1467 2212 1574 2262 νῦν
1602 2206 1707 2276 γὰρ
1733 2216 1876 2274 εἴτις

220 2299 325 2348 σοῦ
347 2293 649 2364 λαβόμενος
667 2288 703 2363 ἦ
734 2291 907 2347 ἄλλου
936 2287 1175 2346 ὁτουοῦν
1195 2296 1308 2345 τῶν
1324 2289 1591 2345 τοιούτων
1609 2293 1684 2353 εἰς
1701 2287 1761 2344 τὸ
1784 2293 1876 2345 δε-

219 2375 530 2447 σμωτήριον
548 2374 847 2445 ἀπαγάγοι,
886 2373 1118 2444 φάσκων
1147 2370 1354 2428 ἀδικεῖν
1373 2369 1543 2441 μηδὲν
1559 2368 1873 2444 ἀδικοῦντα,

153 2466 185 2507 Β
217 2455 356 2512 οἷσθ’
372 2456 456 2512 ὅτι
477 2455 578 2513 οὐκ
598 2453 669 2511 ἂν
687 2461 828 2526 ἔχοις
846 2454 878 2511 ὅ
896 2477 946 2510 τι
965 2455 1191 2526 χρήσαιο
1211 2460 1397 2523 σαυτῷ
1413 2494 1428 2522 ,
1466 2449 1580 2506 ἀλλ’
1598 2451 1874 2526 ίλιγγιςόης
1910 2466 1914 2469 ’

217 2534 288 2591 ὄίν
308 2540 398 2593 καὶ
416 2545 637 2613 χασμῷο
660 2537 762 2593 οὐκ
787 2543 925 2608 ἔχων
943 2536 976 2592 ὅ
993 2559 1044 2592 τι
1063 2544 1259 2606 εἴποις,
1297 2536 1388 2590 καὶ
1419 2538 1493 2597 εἰς
1522 2530 1583 2587 τὸ
1614 2534 1872 2604 δικαστή-

215 2640 337 2690 ριον
356 2617 592 2690 ἀναβάς,
614 2619 924 2690 κατηγόρου
943 2618 1123 2689 τυχών
1142 2617 1293 2672 πάνυ
1314 2615 1533 2685 φαύλου
1548 2615 1637 2669 καὶ
1656 2621 1871 2685 μοχθη-

217 2707 349 2769 ροῦ,
390 2696 696 2764 ἀποθάνοις
725 2700 824 2771 ἄν,
865 2706 914 2756 εἰ
939 2700 1195 2772 βούλοιτο
1214 2698 1467 2754 θανάτου
1487 2713 1573 2752 σοι
1591 2702 1867 2767 τιμᾶσθαι.

213 2786 390 2837 καίτοι
410 2786 525 2845 πῶς
542 2779 725 2851 σοφὸν
743 2781 907 2836 τοῦτό
928 2785 1101 2851 ἐστιν,
1122 2774 1166 2835 ὦ
1184 2778 1505 2848 Σώκρατες,
1527 2785 1671 2841 εἴτις
1689 2774 1870 2848 εὐφυῆ
