1962 3112
195 140 296 191 162
379 170 382 171 ν
796 142 970 192 ΠΛΑ
989 142 1272 191 ΤΩΝΟΣ
1806 152 1862 198 74

195 277 461 329 συνδοκεῖ
473 273 666 339 οὕτως.
745 272 831 329 Οὐ
869 274 1019 328 πάνυ
1057 295 1150 344 μοι
1170 278 1346 345 δοκεῖ,
1385 280 1489 348 ἔφη
1502 321 1517 349 ,
1560 271 1605 332 ὦ
1626 277 1863 348 Σώκρα-

129 363 160 405 C
193 377 297 426 τες,
323 355 499 421 οὕτως
518 354 735 411 ἁπλοῦν
754 354 909 423 εἶναι,
932 354 1071 410 ὥστε
1088 363 1438 428 συγχωρῆσαι
1454 358 1557 429 τήν
1573 381 1631 414 τε
1651 363 1862 414 δικαιο-

195 439 373 510 σύνην
394 437 552 494 ὅσιον
571 438 711 494 εἶναι
729 441 819 494 καὶ
837 436 940 508 τὴν
958 436 1212 509 ὁσιότητα
1243 443 1484 511 δίκαιον,
1521 438 1659 496 ἄλλα
1687 448 1743 496 τί
1769 463 1860 512 μοι

195 524 349 577 δοκεῖ
371 525 431 578 ἐν
461 519 610 594 αὐτῷ
644 521 916 593 διάφορον
945 519 1100 577 εἶναι.
1144 518 1284 576 ἀλλὰ
1314 527 1370 577 τί
1393 528 1558 577 τοῦτο
1588 526 1861 595 διαφέρεις

192 608 295 675 ἔφη
312 626 323 636 ·
363 611 412 660 εἰ
439 603 544 675 γὰρ
573 604 789 676 βούλει,
828 607 964 659 ἔστω
983 600 1119 675 ἡμῖν
1137 606 1229 660 καὶ
1249 605 1570 676 δικαιοσύνη
1593 605 1750 661 ὅσιον
1771 607 1863 661 καὶ

189 683 408 758 ὁσιότης
428 691 657 742 δίκαιον.
732 686 835 758 Μή
860 708 980 757 μοι,
1019 679 1092 756 ἦν
1112 685 1165 741 δ’
1187 686 1295 757 ἐγώ
1310 708 1320 719 ·
1361 684 1526 743 οὐδὲν
1544 685 1652 758 γὰρ
1673 691 1863 758 δέομαι

187 767 248 823 τὸ
271 774 320 825 εἰ
335 768 528 840 βούλει
546 775 710 824 τοῦτο
729 770 820 824 καὶ
840 776 892 824 εἴ
905 784 993 823 σοι
1011 771 1167 823 δοκεῖ
1181 770 1518 841 ἐλέγχεσθαι,
1547 767 1668 825 ἀλλ’
1692 771 1788 840 ἐμέ
1804 791 1861 825 τε

191 853 283 907 καὶ
303 850 470 906 σέ·τὸ
496 850 546 906 δ’
572 854 665 922 ἐμέ
679 873 736 907 τε
755 853 846 907 καὶ
866 853 929 906 σέ
943 857 1107 905 τοῦτο
1125 852 1265 920 λέγω
1278 893 1293 922 ,
1325 853 1574 922 οἰόμενος
1595 851 1742 907 οὕτω
1760 850 1859 907 τὸν

127 936 159 976 D
193 934 363 1004 λόγον
385 933 617 1005 βέλτιστ’
643 931 715 989 ἂν
735 937 1076 1005 ἐλέγχεσθαι,
1117 941 1172 989 εἴ
1194 955 1273 997 τις
1304 931 1364 988 τὸ
1387 942 1442 989 εἴ
1455 932 1650 1004 ἀφέλοι
1673 933 1861 990 αὐτοῦ.

187 1014 348 1073 Ἀλλὰ
367 1021 579 1088 μέντοι,
617 1011 654 1089 ἦ
674 1016 725 1072 δ’
747 1017 835 1088 ὅς,
873 1017 1167 1086 προσέοικέ
1182 1038 1234 1070 τι
1252 1016 1576 1087 δικαιοσύνη
1597 1013 1836 1086 ὁσιότητι
1851 1038 1862 1048 ·

191 1098 399 1170 καὶγὰρ
412 1097 604 1155 ὁτιοῦν
616 1097 834 1173 ὁτῳοῦν
847 1097 957 1170 ἁμῇ
976 1101 1041 1167 γέ
1049 1119 1123 1170 πῃ
1135 1098 1439 1168 προσέοικε.
1460 1096 1520 1152 τό
1537 1097 1643 1168 γὰρ
1657 1096 1861 1152 λευκὸν

191 1187 267 1256 τῷ
291 1187 484 1254 μέλανι
516 1187 662 1238 ἔστιν
691 1181 802 1253 ὅπῃ
831 1183 1146 1251 προσέοικε,
1183 1180 1274 1234 καὶ
1302 1177 1364 1234 τὸ
1395 1178 1639 1250 σκληρὸν
1656 1186 1735 1254 τῷ
1754 1202 1860 1251 μα-

194 1271 346 1339 λακςό
358 1308 373 1337 ,
394 1267 485 1321 καὶ
502 1259 671 1321 τᾶλλα
691 1261 726 1319 ἃ
745 1268 902 1319 δοκεῖ
913 1260 1279 1318 ἐναντιώτατα
1300 1260 1439 1316 εἶναι
1459 1258 1715 1333 ἀλλήλοις
1729 1283 1740 1294 ·
1769 1265 1860 1318 καὶ

192 1344 227 1401 ὁὶ
247 1347 367 1402 τότε
387 1351 596 1418 ἔφαμεν
625 1346 800 1417 ἄλλην
829 1346 1069 1415 δύναμιν
1098 1348 1240 1414 ἔχειν
1270 1346 1361 1399 καὶ
1380 1344 1482 1399 οὐκ
1504 1344 1642 1400 εἶναι
1660 1343 1721 1401 τὸ
1741 1347 1860 1400 ἕτε-

198 1451 300 1498 ρον
322 1427 442 1486 οἷον
460 1429 521 1486 τὸ
543 1432 732 1500 ἕτερον
747 1471 761 1497 ,
798 1426 863 1483 τὰ
891 1433 993 1483 τοῦ
1021 1424 1322 1495 προσώπου
1349 1427 1541 1498 μόρια,
1578 1426 1692 1500 ἁμῇ
1708 1430 1772 1496 γε’
1789 1447 1862 1500 πῃ

197 1515 483 1579 προσέοικε
502 1513 593 1567 καὶ
613 1515 725 1566 ἔστι
741 1508 805 1565 τὸ
824 1511 1015 1579 ἕτερον
1034 1506 1154 1563 οἷον
1182 1506 1242 1563 τὸ
1272 1509 1484 1577 ἕτερον·
1527 1508 1664 1565 ὥστε
1683 1509 1862 1583 τούτῳ

134 1607 162 1646 Ε
194 1616 256 1664 γε
275 1602 353 1668 τῷ
366 1594 553 1669 τρόπῳ
571 1591 678 1649 κᾶν
695 1598 869 1648 ταῦτα
888 1594 1152 1663 ἐλέγχοις,
1192 1596 1242 1647 εἰ
1256 1592 1483 1663 βούλοιο
1498 1633 1514 1662 ,
1555 1589 1627 1656 ὡς
1645 1591 1862 1646 ἅπαντά
1940 1593 1942 1595 ’

194 1679 344 1732 ἐστιν
364 1675 525 1747 ὅμοια
542 1675 811 1746 ἀλλήλοις.
834 1672 957 1730 ἀλλ’
978 1673 1099 1745 ούχὶ
1113 1673 1180 1730 τὰ
1200 1672 1396 1746 ὅμοιόν
1413 1698 1465 1730 τι
1487 1679 1678 1745 ἔχοντα
1699 1673 1861 1746 ὅμοια

194 1762 412 1814 δίκαιον
431 1767 619 1814 καλεῖν
632 1801 646 1827 ,
669 1757 798 1813 οὐδὲ
815 1755 880 1813 τὰ
903 1754 1172 1828 ἀνόμοιόν
1192 1779 1244 1812 τι
1262 1761 1452 1828 ἔχοντα
1476 1756 1710 1829 ἀνόμοια
1723 1803 1734 1824 ,
1754 1754 1862 1814 κᾶν

194 1841 345 1895 πάνυ
383 1839 618 1910 σμικρὸν
657 1844 748 1912 ἔχῃ
785 1837 846 1894 τό
885 1838 1094 1910 ὅμοιον.
1132 1840 1222 1894 καὶ
1254 1837 1358 1908 ἐγώ
1390 1839 1686 1910 θαυμάσας
1704 1839 1860 1895 εἶπον

194 1919 332 1990 πρὸς
355 1919 544 1992 αὐτόν,
558 1915 627 1976 ’Ἠ
642 1920 748 1991 γὰρ
770 1920 917 1976 οὕτω
937 1938 1025 1976 σοι
1038 1917 1100 1975 τό
1123 1924 1337 1976 δίκαιον
1356 1924 1446 1976 καὶ
1463 1919 1524 1977 τό
1546 1920 1704 1977 ὅσιον
1721 1921 1861 1991 πρὸς

193 2002 401 2074 ἄλληλα
421 2009 528 2074 ἔχει
542 2047 555 2073 ,
596 2002 735 2058 ὥστε
755 2002 952 2074 ὅμοιόν
971 2025 1023 2058 τι
1042 2002 1274 2073 σμικρὸν
1295 2008 1438 2074 ἔχειν
1456 2003 1735 2076 ἀλλήλοιςς
1773 2004 1857 2061 Οὐ

78 2099 162 2142 332
189 2085 364 2156 πάνυ,
405 2091 538 2157 ἔφη,
578 2084 780 2155 οὕτως,
817 2083 886 2141 οὐ
911 2086 1097 2156 μέντοι
1121 2084 1252 2141 οὐδὲ
1272 2079 1346 2141 αὖ
1376 2084 1448 2150 ὥς
1477 2087 1548 2142 σύ
1572 2109 1664 2158 μοι
1683 2091 1861 2152 δοκεῖς

193 2176 426 2224 οἴεσθαι.
496 2165 655 2224 Ἀλλὰ
674 2167 813 2239 μήν,
852 2171 995 2239 ἔφην
1014 2167 1147 2238 ἐγώ,
1186 2167 1370 2239 ἐπειδὴ
1393 2172 1670 2240 δυσχερῶς
1687 2173 1863 2235 δοκεῖς
1942 2195 1950 2228 ;

195 2273 286 2321 μοι
307 2255 450 2322 ἔχειν
482 2250 619 2320 πρὸς
636 2257 829 2320 τοῦτο,
868 2256 1031 2305 τοῦτο
1059 2250 1161 2321 μὲν
1189 2250 1462 2322 ἐάσωμεν,
1499 2251 1624 2307 τόδε
1647 2252 1704 2308 δὲ
1725 2251 1858 2307 ἄλλο
1931 2253 1949 2274 ·“’

197 2326 275 2387 ὦν
298 2337 477 2404 ἔλεγες
495 2332 935 2403 ἐπισκεψώμεθα.

334 2421 443 2471 ΧΧ.
506 2414 856 2487 Ἀφροσύνην
871 2437 924 2471 τι
941 2422 1147 2482 καλεϊς;
1171 2414 1332 2487 Ἕφη.
1375 2416 1566 2490 Τούτῳ
1585 2422 1664 2490 τῷ
1681 2418 1860 2486 πράγ-
1922 2415 1924 2417 ’

194 2519 322 2567 ματι
358 2495 427 2552 οὐ
464 2504 576 2552 πᾶν
614 2497 944 2554 τούναντίον
972 2499 1119 2554 ἐστὶν
1151 2497 1184 2569 ἡ
1225 2503 1416 2569 σοφίας
1438 2496 1657 2568 ’Ἑμοιγε
1693 2502 1860 2562 δοκεῖ,

193 2583 315 2649 ἔφη.
352 2581 603 2651 Πότερον
623 2584 681 2635 δὲ
697 2580 832 2636 ὅταν
849 2582 1162 2651 πράττωσιν
1176 2580 1467 2650 ἄνθρωποι
1485 2578 1674 2649 ὀρθῶς
1691 2602 1747 2636 τε
1768 2585 1860 2637 καὶ
1919 2588 1941 2643 ’ἑ-ς·

194 2658 507 2732 ω’φελίμως,
537 2662 661 2717 τότε
681 2675 994 2733 σωφρονεῖν
1024 2681 1113 2718 σοι
1135 2668 1398 2719 δοκοῦσιν
1417 2661 1562 2718 οὕτω
1583 2663 1857 2733 πραττον-
1920 2652 1939 2717 vL?

190 2765 293 2812 τες,
311 2738 349 2814 ἦ
369 2749 452 2813 [εἰ]
472 2741 801 2800 τούναντίον
821 2749 1156 2817 [ἔπραττον];
1179 2751 1527 2816 Σωφρονεῖν,
1548 2749 1668 2817 ἔφη.
1709 2744 1861 2802 Ούκ-

137 2834 166 2874 Β
198 2834 303 2883 οὖν
329 2827 669 2900 σωφροσύνῃ
689 2834 1108 2900 σωφρονοῦσιν;
1141 2825 1389 2899 Ἀνάγκη.
1468 2826 1696 2884 Οὐκοῦν
1715 2831 1772 2884 οἶ
1784 2828 1857 2900 μὴ
