<?xml version="1.0" encoding="UTF-8"?>
<!DOCTYPE html PUBLIC "-//W3C//DTD XHTML 1.0 Transitional//EN"
    "http://www.w3.org/TR/xhtml1/DTD/xhtml1-transitional.dtd">
<html xmlns="http://www.w3.org/1999/xhtml" xml:lang="en" lang="en">
 <head>
  <title>
</title>
<meta http-equiv="Content-Type" content="text/html;charset=utf-8" />
  <meta name='ocr-system' content='tesseract 3.04.00' />
  <meta name='ocr-capabilities' content='ocr_page ocr_carea ocr_par ocr_line ocrx_word'/>
</head>
<body>
  <div class='ocr_page' id='page_1' title='image "./dialogisecumdumt03platuoft_0327.png"; bbox 0 0 1962 3112; ppageno 0'>
   <div class='ocr_carea' id='block_1_1' title="bbox 0 0 1127 107">
    <p class='ocr_par' dir='ltr' id='par_1_1' title="bbox 0 0 1127 107">
     <span class='ocr_line' id='line_1_1' title="bbox 0 0 1127 107; baseline 0 3005"><span class='ocrx_word' id='word_1_1' title='bbox 0 0 1127 107; x_wconf 95' lang='lat' dir='ltr'><em> </em></span> 
     </span>
    </p>
   </div>
   <div class='ocr_carea' id='block_1_2' title="bbox 0 976 17 1081">
    <p class='ocr_par' dir='ltr' id='par_1_2' title="bbox 0 976 17 1081">
     <span class='ocr_line' id='line_1_2' title="bbox 0 976 17 1081; textangle 90"><span class='ocrx_word' id='word_1_2' title='bbox 0 999 17 1081; x_wconf 51' lang='lat' dir='ltr'><em>ar·-</em></span> <span class='ocrx_word' id='word_1_3' title='bbox 7 976 10 978; x_wconf 90' lang='lat'><em>-</em></span> 
     </span>
    </p>
   </div>
   <div class='ocr_carea' id='block_1_3' title="bbox 0 2828 44 2936">
    <p class='ocr_par' dir='ltr' id='par_1_3' title="bbox 0 2828 44 2936">
     <span class='ocr_line' id='line_1_3' title="bbox 0 2828 44 2936; baseline 0 0"><span class='ocrx_word' id='word_1_4' title='bbox 0 2828 44 2936; x_wconf 54' lang='lat'><em>&#39;³³</em></span> 
     </span>
    </p>
   </div>
   <div class='ocr_carea' id='block_1_4' title="bbox 200 148 1882 202">
    <p class='ocr_par' dir='ltr' id='par_1_4' title="bbox 200 148 1882 202">
     <span class='ocr_line' id='line_1_4' title="bbox 200 148 1882 202; baseline 0.001 -2"><span class='ocrx_word' id='word_1_5' title='bbox 200 154 259 200; x_wconf 75' lang='lat'><em>95</em></span> <span class='ocrx_word' id='word_1_6' title='bbox 852 150 1232 198; x_wconf 83' lang='grc' dir='ltr'><em>ΓΟΡΓΙΑΣ.</em></span> <span class='ocrx_word' id='word_1_7' title='bbox 1777 148 1882 202; x_wconf 76' lang='grc'><em>293</em></span> 
     </span>
    </p>
   </div>
   <div class='ocr_carea' id='block_1_5' title="bbox 182 281 1962 2918">
    <p class='ocr_par' dir='ltr' id='par_1_5' title="bbox 199 281 1880 439">
     <span class='ocr_line' id='line_1_5' title="bbox 201 281 1880 357; baseline 0.004 -20"><span class='ocrx_word' id='word_1_8' title='bbox 201 282 523 354; x_wconf 81' lang='grc' dir='ltr'><em>παρασκευὴ</em></span> <span class='ocrx_word' id='word_1_9' title='bbox 561 289 711 341; x_wconf 86' lang='grc' dir='ltr'><em>ἔσται</em></span> <span class='ocrx_word' id='word_1_10' title='bbox 747 281 901 357; x_wconf 78' lang='grc' dir='ltr'><em>αύτῷ</em></span> <span class='ocrx_word' id='word_1_11' title='bbox 937 283 1025 339; x_wconf 83' lang='grc' dir='ltr'><em>ἐπὶ</em></span> <span class='ocrx_word' id='word_1_12' title='bbox 1059 281 1120 338; x_wconf 87' lang='grc' dir='ltr'><em>τὸ</em></span> <span class='ocrx_word' id='word_1_13' title='bbox 1151 286 1250 356; x_wconf 78' lang='grc' dir='ltr'><em>οἴω</em></span> <span class='ocrx_word' id='word_1_14' title='bbox 1280 303 1340 338; x_wconf 89' lang='grc' dir='ltr'><em>τε</em></span> <span class='ocrx_word' id='word_1_15' title='bbox 1372 282 1515 340; x_wconf 81' lang='grc' dir='ltr'><em>εἶναι</em></span> <span class='ocrx_word' id='word_1_16' title='bbox 1550 283 1622 352; x_wconf 74' lang='grc' dir='ltr'><em>ὡς</em></span> <span class='ocrx_word' id='word_1_17' title='bbox 1654 292 1880 343; x_wconf 81' lang='grc' dir='ltr'><em>πλεῖστα</em></span> 
     </span>
     <span class='ocr_line' id='line_1_6' title="bbox 199 360 1614 439; baseline 0.003 -20"><span class='ocrx_word' id='word_1_18' title='bbox 199 363 411 420; x_wconf 76' lang='grc' dir='ltr'><em>ἀδικεῖν</em></span> <span class='ocrx_word' id='word_1_19' title='bbox 428 368 521 422; x_wconf 82' lang='grc' dir='ltr'><em>καὶ</em></span> <span class='ocrx_word' id='word_1_20' title='bbox 540 366 844 423; x_wconf 75' lang='grc' dir='ltr'><em>ἀδικοῦντα</em></span> <span class='ocrx_word' id='word_1_21' title='bbox 863 365 936 438; x_wconf 83' lang='grc' dir='ltr'><em>μὴ</em></span> <span class='ocrx_word' id='word_1_22' title='bbox 961 365 1182 422; x_wconf 81' lang='grc' dir='ltr'><em>διδόναι</em></span> <span class='ocrx_word' id='word_1_23' title='bbox 1202 369 1361 437; x_wconf 87' lang='grc' dir='ltr'><em>δίκην</em></span> <span class='ocrx_word' id='word_1_24' title='bbox 1375 388 1386 399; x_wconf 91' lang='grc'>·</span> <span class='ocrx_word' id='word_1_25' title='bbox 1426 360 1462 439; x_wconf 84' lang='grc' dir='ltr'><strong><em>ἦ</em></strong></span> <span class='ocrx_word' id='word_1_26' title='bbox 1477 368 1614 439; x_wconf 72' lang='grc' dir='ltr'><em>γάρς</em></span> 
     </span>
    </p>

    <p class='ocr_par' dir='ltr' id='par_1_6' title="bbox 339 452 831 506">
     <span class='ocr_line' id='line_1_7' title="bbox 339 452 831 506; baseline 0.006 -4"><span class='ocrx_word' id='word_1_27' title='bbox 339 452 512 504; x_wconf 85' lang='grc' dir='ltr'><em>ΚΑΛ.</em></span> <span class='ocrx_word' id='word_1_28' title='bbox 553 456 831 506; x_wconf 85' lang='grc' dir='ltr'><strong><em>Φαίνεται.</em></strong></span> 
     </span>
    </p>

    <p class='ocr_par' dir='ltr' id='par_1_7' title="bbox 197 529 1962 767">
     <span class='ocr_line' id='line_1_8' title="bbox 341 529 1962 606; baseline 0.003 -21"><span class='ocrx_word' id='word_1_29' title='bbox 341 535 468 586; x_wconf 78' lang='grc' dir='ltr'><em>ΣΩ.</em></span> <span class='ocrx_word' id='word_1_30' title='bbox 518 530 749 587; x_wconf 85' lang='grc' dir='ltr'><em>Οὐκοῦν</em></span> <span class='ocrx_word' id='word_1_31' title='bbox 776 529 838 586; x_wconf 84' lang='grc' dir='ltr'><em>τὸ</em></span> <span class='ocrx_word' id='word_1_32' title='bbox 860 534 1122 601; x_wconf 82' lang='grc' dir='ltr'><em>μέγιστον</em></span> <span class='ocrx_word' id='word_1_33' title='bbox 1150 529 1303 605; x_wconf 75' lang='grc' dir='ltr'><em>αὐτῷ</em></span> <span class='ocrx_word' id='word_1_34' title='bbox 1329 530 1506 588; x_wconf 82' lang='grc' dir='ltr'><em>κακὸν</em></span> <span class='ocrx_word' id='word_1_35' title='bbox 1527 530 1760 604; x_wconf 76' lang='grc' dir='ltr'><em>ὑπάρξει</em></span> <span class='ocrx_word' id='word_1_36' title='bbox 1778 556 1883 606; x_wconf 90' lang='grc' dir='ltr'><em>μο-</em></span> <span class='ocrx_word' id='word_1_37' title='bbox 1907 555 1962 599; x_wconf 85' lang='lat'><em>51</em></span> 
     </span>
     <span class='ocr_line' id='line_1_9' title="bbox 197 613 1883 689; baseline 0.002 -20"><span class='ocrx_word' id='word_1_38' title='bbox 197 621 396 687; x_wconf 76' lang='grc' dir='ltr'><em>χθηρῷ</em></span> <span class='ocrx_word' id='word_1_39' title='bbox 413 613 533 670; x_wconf 83' lang='grc' dir='ltr'><em>ὄντι</em></span> <span class='ocrx_word' id='word_1_40' title='bbox 560 614 666 684; x_wconf 88' lang='grc' dir='ltr'><em>τὴν</em></span> <span class='ocrx_word' id='word_1_41' title='bbox 694 613 879 686; x_wconf 82' lang='grc' dir='ltr'><em>ψυχὴν</em></span> <span class='ocrx_word' id='word_1_42' title='bbox 910 615 1001 669; x_wconf 88' lang='grc' dir='ltr'><em>καὶ</em></span> <span class='ocrx_word' id='word_1_43' title='bbox 1032 617 1396 689; x_wconf 77' lang='grc' dir='ltr'><em>λελωβημένςο</em></span> <span class='ocrx_word' id='word_1_44' title='bbox 1419 613 1509 670; x_wconf 74' lang='grc' dir='ltr'><em>δια</em></span> <span class='ocrx_word' id='word_1_45' title='bbox 1530 614 1633 687; x_wconf 81' lang='grc' dir='ltr'><em>τὴν</em></span> <span class='ocrx_word' id='word_1_46' title='bbox 1653 622 1883 688; x_wconf 86' lang='grc' dir='ltr'><em>μίμησιν</em></span> 
     </span>
     <span class='ocr_line' id='line_1_10' title="bbox 199 697 980 767; baseline 0.004 -18"><span class='ocrx_word' id='word_1_47' title='bbox 199 701 298 750; x_wconf 85' lang='grc' dir='ltr'><em>τοῦ</em></span> <span class='ocrx_word' id='word_1_48' title='bbox 318 697 596 752; x_wconf 80' lang='grc' dir='ltr'><strong><em>δεσπότου</em></strong></span> <span class='ocrx_word' id='word_1_49' title='bbox 615 700 704 752; x_wconf 83' lang='grc' dir='ltr'><em>καὶ</em></span> <span class='ocrx_word' id='word_1_50' title='bbox 726 697 980 767; x_wconf 87' lang='grc' dir='ltr'><em>δύναμιν.</em></span> 
     </span>
    </p>

    <p class='ocr_par' dir='ltr' id='par_1_8' title="bbox 200 779 1881 1098">
     <span class='ocr_line' id='line_1_11' title="bbox 342 779 1881 853; baseline 0.001 -19"><span class='ocrx_word' id='word_1_51' title='bbox 342 783 515 835; x_wconf 86' lang='grc' dir='ltr'><em>ΚΑΛ.</em></span> <span class='ocrx_word' id='word_1_52' title='bbox 558 779 680 836; x_wconf 79' lang='grc' dir='ltr'><em>Οὐκ</em></span> <span class='ocrx_word' id='word_1_53' title='bbox 710 779 795 836; x_wconf 85' lang='grc' dir='ltr'><em>οἶδ</em></span> <span class='ocrx_word' id='word_1_54' title='bbox 805 779 817 799; x_wconf 89' lang='grc'><strong>’</strong></span> <span class='ocrx_word' id='word_1_55' title='bbox 840 780 950 853; x_wconf 80' lang='grc' dir='ltr'><em>ὅπῃ</em></span> <span class='ocrx_word' id='word_1_56' title='bbox 973 784 1226 851; x_wconf 82' lang='grc' dir='ltr'><em>στρέφεις</em></span> <span class='ocrx_word' id='word_1_57' title='bbox 1247 780 1505 836; x_wconf 76' lang='grc' dir='ltr'><em>ἑκάστοτε</em></span> <span class='ocrx_word' id='word_1_58' title='bbox 1524 781 1656 844; x_wconf 81' lang='grc' dir='ltr'><em>τοὺς</em></span> <span class='ocrx_word' id='word_1_59' title='bbox 1674 780 1881 851; x_wconf 75' lang='grc' dir='ltr'><em>λόγους</em></span> 
     </span>
     <span class='ocr_line' id='line_1_12' title="bbox 200 855 1881 933; baseline -0.001 -15"><span class='ocrx_word' id='word_1_60' title='bbox 200 860 316 918; x_wconf 73' lang='grc' dir='ltr'><em>ἅνω</em></span> <span class='ocrx_word' id='word_1_61' title='bbox 335 863 426 917; x_wconf 86' lang='grc' dir='ltr'><em>καὶ</em></span> <span class='ocrx_word' id='word_1_62' title='bbox 446 861 623 932; x_wconf 80' lang='grc' dir='ltr'><em>κάτω,</em></span> <span class='ocrx_word' id='word_1_63' title='bbox 648 857 691 918; x_wconf 70' lang='grc' dir='ltr'><em>ὦ</em></span> <span class='ocrx_word' id='word_1_64' title='bbox 709 863 1006 933; x_wconf 77' lang='grc' dir='ltr'><em>Σώκρατες</em></span> <span class='ocrx_word' id='word_1_65' title='bbox 1020 885 1031 895; x_wconf 92' lang='grc'><em>·</em></span> <span class='ocrx_word' id='word_1_66' title='bbox 1079 859 1116 933; x_wconf 80' lang='grc' dir='ltr'><strong><em>ἦ</em></strong></span> <span class='ocrx_word' id='word_1_67' title='bbox 1135 859 1239 918; x_wconf 81' lang='grc' dir='ltr'><em>οὐκ</em></span> <span class='ocrx_word' id='word_1_68' title='bbox 1260 861 1427 918; x_wconf 89' lang='grc' dir='ltr'><em>οἶσθα</em></span> <span class='ocrx_word' id='word_1_69' title='bbox 1453 860 1485 917; x_wconf 79' lang='grc' dir='ltr'>ὅ</span> <span class='ocrx_word' id='word_1_70' title='bbox 1488 884 1539 917; x_wconf 92' lang='grc' dir='ltr'><em>τι</em></span> <span class='ocrx_word' id='word_1_71' title='bbox 1558 855 1722 926; x_wconf 75' lang='grc' dir='ltr'><em>οὗτος</em></span> <span class='ocrx_word' id='word_1_72' title='bbox 1740 859 1769 918; x_wconf 86' lang='grc' dir='ltr'>ὁ</span> <span class='ocrx_word' id='word_1_73' title='bbox 1789 885 1881 933; x_wconf 93' lang='grc' dir='ltr'><em>μι-</em></span> 
     </span>
     <span class='ocr_line' id='line_1_13' title="bbox 202 943 1880 1017; baseline 0.001 -18"><span class='ocrx_word' id='word_1_74' title='bbox 202 945 478 1016; x_wconf 87' lang='grc' dir='ltr'><em>μούμενος</em></span> <span class='ocrx_word' id='word_1_75' title='bbox 498 943 598 1000; x_wconf 85' lang='grc' dir='ltr'><em>τὸν</em></span> <span class='ocrx_word' id='word_1_76' title='bbox 617 943 690 1016; x_wconf 83' lang='grc' dir='ltr'><em>μὴ</em></span> <span class='ocrx_word' id='word_1_77' title='bbox 709 947 1054 1016; x_wconf 85' lang='grc' dir='ltr'><em>μιμούμενον</em></span> <span class='ocrx_word' id='word_1_78' title='bbox 1073 948 1288 1002; x_wconf 82' lang='grc' dir='ltr'><em>ἐκεῖνον</em></span> <span class='ocrx_word' id='word_1_79' title='bbox 1305 944 1612 1016; x_wconf 80' lang='grc' dir='ltr'><em>ἀποκτενεῖ,</em></span> <span class='ocrx_word' id='word_1_80' title='bbox 1627 944 1727 1001; x_wconf 74' lang='grc' dir='ltr'><em>ἐὰν</em></span> <span class='ocrx_word' id='word_1_81' title='bbox 1737 945 1880 1017; x_wconf 87' lang='grc' dir='ltr'><em>βού-</em></span> 
     </span>
     <span class='ocr_line' id='line_1_14' title="bbox 203 1024 1140 1098; baseline 0.001 -16"><span class='ocrx_word' id='word_1_82' title='bbox 203 1035 371 1098; x_wconf 69' lang='grc' dir='ltr'><em>ἰηται,</em></span> <span class='ocrx_word' id='word_1_83' title='bbox 391 1029 483 1083; x_wconf 87' lang='grc' dir='ltr'><em>καὶ</em></span> <span class='ocrx_word' id='word_1_84' title='bbox 504 1024 870 1098; x_wconf 78' lang='grc' dir='ltr'><em>ἀφαιρήσεται</em></span> <span class='ocrx_word' id='word_1_85' title='bbox 889 1025 956 1082; x_wconf 78' lang='grc' dir='ltr'><em>τὰ</em></span> <span class='ocrx_word' id='word_1_86' title='bbox 979 1026 1140 1096; x_wconf 72' lang='grc' dir='ltr'><em>ὄντας</em></span> 
     </span>
    </p>

    <p class='ocr_par' dir='ltr' id='par_1_9' title="bbox 191 1102 1940 1510">
     <span class='ocr_line' id='line_1_15' title="bbox 338 1102 1940 1182; baseline 0.002 -17"><span class='ocrx_word' id='word_1_87' title='bbox 338 1114 463 1165; x_wconf 74' lang='grc' dir='ltr'><em>ΣΩ.</em></span> <span class='ocrx_word' id='word_1_88' title='bbox 506 1107 672 1178; x_wconf 87' lang='grc' dir='ltr'><em>Οἶδα,</em></span> <span class='ocrx_word' id='word_1_89' title='bbox 699 1102 744 1164; x_wconf 75' lang='grc' dir='ltr'><em>ὦ</em></span> <span class='ocrx_word' id='word_1_90' title='bbox 758 1107 918 1179; x_wconf 78' lang='grc' dir='ltr'><em>’γαθὲ</em></span> <span class='ocrx_word' id='word_1_91' title='bbox 938 1116 1290 1181; x_wconf 79' lang='grc' dir='ltr'><em>Καλλίκλεις,</em></span> <span class='ocrx_word' id='word_1_92' title='bbox 1313 1109 1451 1182; x_wconf 81' lang='grc' dir='ltr'><em>εἰμὴ</em></span> <span class='ocrx_word' id='word_1_93' title='bbox 1473 1109 1663 1181; x_wconf 84' lang='grc' dir='ltr'><em>κωφός</em></span> <span class='ocrx_word' id='word_1_94' title='bbox 1681 1109 1726 1181; x_wconf 72' lang='grc' dir='ltr'><em>γ’</em></span> <span class='ocrx_word' id='word_1_95' title='bbox 1750 1115 1874 1182; x_wconf 83' lang='grc' dir='ltr'><em>εἰμί,</em></span> <span class='ocrx_word' id='word_1_96' title='bbox 1906 1130 1940 1171; x_wconf 90' lang='grc' dir='ltr'>Β</span> 
     </span>
     <span class='ocr_line' id='line_1_16' title="bbox 194 1189 1876 1264; baseline 0 -16"><span class='ocrx_word' id='word_1_97' title='bbox 194 1195 286 1248; x_wconf 66' lang='grc' dir='ltr'><em>καὶ</em></span> <span class='ocrx_word' id='word_1_98' title='bbox 309 1198 414 1248; x_wconf 90' lang='grc' dir='ltr'><em>σοῦ</em></span> <span class='ocrx_word' id='word_1_99' title='bbox 438 1189 666 1247; x_wconf 82' lang='grc' dir='ltr'><em>ἀκούων</em></span> <span class='ocrx_word' id='word_1_100' title='bbox 684 1193 777 1248; x_wconf 84' lang='grc' dir='ltr'><em>καὶ</em></span> <span class='ocrx_word' id='word_1_101' title='bbox 792 1193 1002 1249; x_wconf 75' lang='grc' dir='ltr'><em>Πώλου</em></span> <span class='ocrx_word' id='word_1_102' title='bbox 1022 1192 1146 1264; x_wconf 74' lang='grc' dir='ltr'><em>ἄρτι</em></span> <span class='ocrx_word' id='word_1_103' title='bbox 1166 1194 1428 1258; x_wconf 77' lang='grc' dir='ltr'><em>πολλάκις</em></span> <span class='ocrx_word' id='word_1_104' title='bbox 1447 1195 1538 1249; x_wconf 86' lang='grc' dir='ltr'><em>καὶ</em></span> <span class='ocrx_word' id='word_1_105' title='bbox 1557 1198 1671 1249; x_wconf 75' lang='grc' dir='ltr'><em>τῶν</em></span> <span class='ocrx_word' id='word_1_106' title='bbox 1690 1191 1876 1249; x_wconf 73' lang='grc' dir='ltr'><em>ἄλλων</em></span> 
     </span>
     <span class='ocr_line' id='line_1_17' title="bbox 193 1272 1873 1348; baseline 0 -18"><span class='ocrx_word' id='word_1_107' title='bbox 193 1272 387 1346; x_wconf 74' lang='grc' dir='ltr'><em>ὀλύγου</em></span> <span class='ocrx_word' id='word_1_108' title='bbox 405 1274 632 1330; x_wconf 77' lang='grc' dir='ltr'><em>πάντων</em></span> <span class='ocrx_word' id='word_1_109' title='bbox 648 1282 763 1331; x_wconf 73' lang='grc' dir='ltr'><em>τῶν</em></span> <span class='ocrx_word' id='word_1_110' title='bbox 786 1278 844 1330; x_wconf 85' lang='grc' dir='ltr'><em>ἐν</em></span> <span class='ocrx_word' id='word_1_111' title='bbox 863 1283 931 1348; x_wconf 84' lang='grc' dir='ltr'><em>τῇ</em></span> <span class='ocrx_word' id='word_1_112' title='bbox 950 1277 1130 1331; x_wconf 89' lang='grc' dir='ltr'><em>πόλει·</em></span> <span class='ocrx_word' id='word_1_113' title='bbox 1153 1275 1291 1333; x_wconf 77' lang='grc' dir='ltr'><em>ἄλλα</em></span> <span class='ocrx_word' id='word_1_114' title='bbox 1312 1278 1403 1332; x_wconf 88' lang='grc' dir='ltr'><em>καὶ</em></span> <span class='ocrx_word' id='word_1_115' title='bbox 1427 1274 1499 1332; x_wconf 79' lang='grc' dir='ltr'><strong>σύ</strong></span> <span class='ocrx_word' id='word_1_116' title='bbox 1529 1279 1664 1347; x_wconf 85' lang='grc' dir='ltr'><em>ἐμοῦ</em></span> <span class='ocrx_word' id='word_1_117' title='bbox 1685 1273 1873 1345; x_wconf 74' lang='grc' dir='ltr'><em>ἄκουε,</em></span> 
     </span>
     <span class='ocr_line' id='line_1_18' title="bbox 193 1352 1876 1430; baseline -0.001 -17"><span class='ocrx_word' id='word_1_118' title='bbox 193 1356 280 1413; x_wconf 83' lang='grc' dir='ltr'><em>ὅτι</em></span> <span class='ocrx_word' id='word_1_119' title='bbox 298 1356 593 1413; x_wconf 78' lang='grc' dir='ltr'><em>ἀποκτενεῖ</em></span> <span class='ocrx_word' id='word_1_120' title='bbox 606 1359 734 1428; x_wconf 84' lang='grc' dir='ltr'><em>με’ν,</em></span> <span class='ocrx_word' id='word_1_121' title='bbox 755 1354 829 1413; x_wconf 73' lang='grc' dir='ltr'><em>ἂν</em></span> <span class='ocrx_word' id='word_1_122' title='bbox 845 1359 1111 1430; x_wconf 86' lang='grc' dir='ltr'><em>βούληται</em></span> <span class='ocrx_word' id='word_1_123' title='bbox 1124 1401 1139 1428; x_wconf 91' lang='grc'><em>,</em></span> <span class='ocrx_word' id='word_1_124' title='bbox 1174 1356 1313 1414; x_wconf 78' lang='grc' dir='ltr'><em>ἀλλὰ</em></span> <span class='ocrx_word' id='word_1_125' title='bbox 1335 1356 1580 1429; x_wconf 82' lang='grc' dir='ltr'><em>πονηρὸς</em></span> <span class='ocrx_word' id='word_1_126' title='bbox 1602 1352 1682 1413; x_wconf 67' lang='grc' dir='ltr'><em>ὢν</em></span> <span class='ocrx_word' id='word_1_127' title='bbox 1700 1355 1876 1413; x_wconf 83' lang='grc' dir='ltr'><em>καλὸν</em></span> 
     </span>
     <span class='ocr_line' id='line_1_19' title="bbox 191 1438 621 1510; baseline -0.002 -14"><span class='ocrx_word' id='word_1_128' title='bbox 191 1438 448 1510; x_wconf 80' lang='grc' dir='ltr'><em>κάγαθὸν</em></span> <span class='ocrx_word' id='word_1_129' title='bbox 469 1439 621 1496; x_wconf 83' lang='grc' dir='ltr'><em>ὄντα.</em></span> 
     </span>
    </p>

    <p class='ocr_par' dir='ltr' id='par_1_10' title="bbox 330 1520 1678 1594">
     <span class='ocr_line' id='line_1_20' title="bbox 330 1520 1678 1594; baseline -0.001 -15"><span class='ocrx_word' id='word_1_130' title='bbox 330 1528 502 1579; x_wconf 88' lang='grc' dir='ltr'><em>ΚΑΛ.</em></span> <span class='ocrx_word' id='word_1_131' title='bbox 546 1521 777 1578; x_wconf 80' lang='grc' dir='ltr'><em>Οὐκοῦν</em></span> <span class='ocrx_word' id='word_1_132' title='bbox 794 1530 959 1578; x_wconf 84' lang='grc' dir='ltr'><em>τοῦτο</em></span> <span class='ocrx_word' id='word_1_133' title='bbox 982 1523 1047 1594; x_wconf 86' lang='grc' dir='ltr'><em>δὴ</em></span> <span class='ocrx_word' id='word_1_134' title='bbox 1069 1524 1160 1579; x_wconf 87' lang='grc' dir='ltr'><em>καὶ</em></span> <span class='ocrx_word' id='word_1_135' title='bbox 1179 1522 1238 1578; x_wconf 88' lang='grc' dir='ltr'>τό</span> <span class='ocrx_word' id='word_1_136' title='bbox 1264 1520 1678 1593; x_wconf 70' lang='grc' dir='ltr'><em>ἀγανακτητόν,</em></span> 
     </span>
    </p>

    <p class='ocr_par' dir='ltr' id='par_1_11' title="bbox 187 1602 1932 2084">
     <span class='ocr_line' id='line_1_21' title="bbox 333 1602 1872 1677; baseline 0 -16"><span class='ocrx_word' id='word_1_137' title='bbox 333 1611 457 1661; x_wconf 74' lang='grc' dir='ltr'><em>ΣΩ.</em></span> <span class='ocrx_word' id='word_1_138' title='bbox 501 1607 586 1662; x_wconf 84' lang='grc' dir='ltr'><em>Οὐ</em></span> <span class='ocrx_word' id='word_1_139' title='bbox 609 1613 748 1662; x_wconf 89' lang='grc' dir='ltr'><em>νοῦν</em></span> <span class='ocrx_word' id='word_1_140' title='bbox 765 1628 828 1676; x_wconf 77' lang='grc' dir='ltr'><em>γε</em></span> <span class='ocrx_word' id='word_1_141' title='bbox 846 1610 1052 1677; x_wconf 86' lang='grc' dir='ltr'><em>ἔχοντι,</em></span> <span class='ocrx_word' id='word_1_142' title='bbox 1085 1604 1157 1671; x_wconf 83' lang='grc' dir='ltr'><em>ὡς</em></span> <span class='ocrx_word' id='word_1_143' title='bbox 1176 1603 1205 1661; x_wconf 90' lang='grc' dir='ltr'>ὁ</span> <span class='ocrx_word' id='word_1_144' title='bbox 1226 1605 1390 1676; x_wconf 79' lang='grc' dir='ltr'><em>λόγος</em></span> <span class='ocrx_word' id='word_1_145' title='bbox 1410 1610 1674 1677; x_wconf 83' lang='grc' dir='ltr'><em>σημαίνει.</em></span> <span class='ocrx_word' id='word_1_146' title='bbox 1713 1602 1749 1676; x_wconf 79' lang='grc' dir='ltr'><em>ἢ</em></span> <span class='ocrx_word' id='word_1_147' title='bbox 1770 1612 1872 1669; x_wconf 75' lang='grc' dir='ltr'><em>οἴει</em></span> 
     </span>
     <span class='ocr_line' id='line_1_22' title="bbox 193 1685 1871 1759; baseline -0.001 -14"><span class='ocrx_word' id='word_1_148' title='bbox 193 1692 311 1745; x_wconf 81' lang='grc' dir='ltr'><em>δεῖν</em></span> <span class='ocrx_word' id='word_1_149' title='bbox 348 1695 512 1745; x_wconf 88' lang='grc' dir='ltr'><em>τοῦτο</em></span> <span class='ocrx_word' id='word_1_150' title='bbox 549 1690 1070 1759; x_wconf 79' lang='grc' dir='ltr'><em>παρασκευάζεσθαι</em></span> <span class='ocrx_word' id='word_1_151' title='bbox 1104 1686 1443 1759; x_wconf 71' lang='grc' dir='ltr'><em>ἄνθρωπον,</em></span> <span class='ocrx_word' id='word_1_152' title='bbox 1501 1685 1575 1753; x_wconf 72' lang='grc' dir='ltr'><em>ὥς</em></span> <span class='ocrx_word' id='word_1_153' title='bbox 1611 1697 1871 1744; x_wconf 79' lang='grc' dir='ltr'><em>πλεῖστον</em></span> 
     </span>
     <span class='ocr_line' id='line_1_23' title="bbox 189 1767 1871 1846; baseline -0.001 -18"><span class='ocrx_word' id='word_1_154' title='bbox 189 1771 395 1842; x_wconf 80' lang='grc' dir='ltr'><em>χρόνον</em></span> <span class='ocrx_word' id='word_1_155' title='bbox 415 1777 511 1845; x_wconf 78' lang='grc' dir='ltr'><em>ζῇν</em></span> <span class='ocrx_word' id='word_1_156' title='bbox 524 1815 538 1841; x_wconf 93' lang='grc'><em>,</em></span> <span class='ocrx_word' id='word_1_157' title='bbox 577 1775 668 1828; x_wconf 82' lang='grc' dir='ltr'><em>καὶ</em></span> <span class='ocrx_word' id='word_1_158' title='bbox 686 1779 922 1846; x_wconf 78' lang='grc' dir='ltr'><em>μελετᾷν</em></span> <span class='ocrx_word' id='word_1_159' title='bbox 940 1771 1036 1837; x_wconf 77' lang='grc' dir='ltr'><em>τὰς</em></span> <span class='ocrx_word' id='word_1_160' title='bbox 1065 1774 1256 1842; x_wconf 86' lang='grc' dir='ltr'><em>τέχνας</em></span> <span class='ocrx_word' id='word_1_161' title='bbox 1277 1770 1508 1841; x_wconf 89' lang='grc' dir='ltr'><em>ταύτας,</em></span> <span class='ocrx_word' id='word_1_162' title='bbox 1549 1774 1610 1825; x_wconf 84' lang='grc' dir='ltr'><em>αἳ</em></span> <span class='ocrx_word' id='word_1_163' title='bbox 1622 1767 1766 1841; x_wconf 75' lang='grc' dir='ltr'><em>ἡμᾶς</em></span> <span class='ocrx_word' id='word_1_164' title='bbox 1785 1768 1871 1826; x_wconf 81' lang='grc' dir='ltr'><em>ἀεὶ</em></span> 
     </span>
     <span class='ocr_line' id='line_1_24' title="bbox 189 1849 1932 1925; baseline -0.001 -16"><span class='ocrx_word' id='word_1_165' title='bbox 189 1858 249 1910; x_wconf 80' lang='grc' dir='ltr'><em>ἐκ</em></span> <span class='ocrx_word' id='word_1_166' title='bbox 279 1860 394 1910; x_wconf 76' lang='grc' dir='ltr'><em>τῶν</em></span> <span class='ocrx_word' id='word_1_167' title='bbox 421 1856 705 1911; x_wconf 82' lang='grc' dir='ltr'><em>κινδύνων</em></span> <span class='ocrx_word' id='word_1_168' title='bbox 737 1857 1039 1925; x_wconf 71' lang='grc' dir='ltr'><em>σώζουσιν,</em></span> <span class='ocrx_word' id='word_1_169' title='bbox 1079 1854 1265 1925; x_wconf 74' lang='grc' dir='ltr'><em>ὥσπερ</em></span> <span class='ocrx_word' id='word_1_170' title='bbox 1294 1855 1386 1910; x_wconf 86' lang='grc' dir='ltr'><em>καὶ</em></span> <span class='ocrx_word' id='word_1_171' title='bbox 1417 1849 1490 1923; x_wconf 84' lang='grc' dir='ltr'><em>ἣν</em></span> <span class='ocrx_word' id='word_1_172' title='bbox 1517 1850 1588 1907; x_wconf 80' lang='grc' dir='ltr'><em>σύ</em></span> <span class='ocrx_word' id='word_1_173' title='bbox 1626 1852 1870 1917; x_wconf 85' lang='grc' dir='ltr'><em>κελεύεις</em></span> <span class='ocrx_word' id='word_1_174' title='bbox 1899 1877 1932 1920; x_wconf 80' lang='lat'><em>0</em></span> 
     </span>
     <span class='ocr_line' id='line_1_25' title="bbox 187 1934 1869 2010; baseline -0.001 -19"><span class='ocrx_word' id='word_1_175' title='bbox 187 1937 279 2006; x_wconf 78' lang='grc' dir='ltr'><em>ἐμὲ</em></span> <span class='ocrx_word' id='word_1_176' title='bbox 297 1941 535 2008; x_wconf 82' lang='grc' dir='ltr'><em>μελετᾷν</em></span> <span class='ocrx_word' id='word_1_177' title='bbox 554 1934 658 2008; x_wconf 84' lang='grc' dir='ltr'><em>τὴν</em></span> <span class='ocrx_word' id='word_1_178' title='bbox 676 1937 976 2010; x_wconf 78' lang='grc' dir='ltr'><em>ῥητορικὴν</em></span> <span class='ocrx_word' id='word_1_179' title='bbox 995 1938 1098 2009; x_wconf 85' lang='grc' dir='ltr'><em>τὴν</em></span> <span class='ocrx_word' id='word_1_180' title='bbox 1128 1939 1188 1992; x_wconf 84' lang='grc' dir='ltr'><em>ἐν</em></span> <span class='ocrx_word' id='word_1_181' title='bbox 1208 1948 1323 2001; x_wconf 89' lang='grc' dir='ltr'><em>τοῖς</em></span> <span class='ocrx_word' id='word_1_182' title='bbox 1355 1939 1726 2006; x_wconf 84' lang='grc' dir='ltr'><em>δικαστηρίοις</em></span> <span class='ocrx_word' id='word_1_183' title='bbox 1746 1939 1869 1991; x_wconf 84' lang='grc' dir='ltr'><em>δια-</em></span> 
     </span>
     <span class='ocr_line' id='line_1_26' title="bbox 187 2017 507 2084; baseline 0 -12"><span class='ocrx_word' id='word_1_184' title='bbox 187 2017 507 2084; x_wconf 74' lang='grc' dir='ltr'><em>σώζουσαν;</em></span> 
     </span>
    </p>

    <p class='ocr_par' dir='ltr' id='par_1_12' title="bbox 327 2101 1703 2174">
     <span class='ocr_line' id='line_1_27' title="bbox 327 2101 1703 2174; baseline 0 -18"><span class='ocrx_word' id='word_1_185' title='bbox 327 2107 498 2157; x_wconf 87' lang='grc' dir='ltr'><em>ΚΑΛ.</em></span> <span class='ocrx_word' id='word_1_186' title='bbox 538 2105 650 2159; x_wconf 82' lang='grc' dir='ltr'><em>Ναὶ</em></span> <span class='ocrx_word' id='word_1_187' title='bbox 669 2106 745 2174; x_wconf 82' lang='grc' dir='ltr'><em>μόι</em></span> <span class='ocrx_word' id='word_1_188' title='bbox 765 2101 859 2159; x_wconf 89' lang='grc' dir='ltr'><em>Δί’</em></span> <span class='ocrx_word' id='word_1_189' title='bbox 884 2102 1074 2172; x_wconf 73' lang='grc' dir='ltr'><em>ὀρθῶς</em></span> <span class='ocrx_word' id='word_1_190' title='bbox 1092 2108 1158 2173; x_wconf 83' lang='grc' dir='ltr'><em>γε’</em></span> <span class='ocrx_word' id='word_1_191' title='bbox 1174 2119 1262 2158; x_wconf 90' lang='grc' dir='ltr'><em>σοι</em></span> <span class='ocrx_word' id='word_1_192' title='bbox 1285 2102 1703 2173; x_wconf 89' lang='grc' dir='ltr'><em>συμβουλεύων.</em></span> 
     </span>
    </p>

    <p class='ocr_par' dir='ltr' id='par_1_13' title="bbox 183 2178 1869 2339">
     <span class='ocr_line' id='line_1_28' title="bbox 330 2178 1869 2256; baseline 0.001 -17"><span class='ocrx_word' id='word_1_193' title='bbox 330 2190 530 2241; x_wconf 80' lang='lat' dir='ltr'><em>vau.</em></span> <span class='ocrx_word' id='word_1_194' title='bbox 606 2191 730 2241; x_wconf 77' lang='grc' dir='ltr'><em>ΣΩ.</em></span> <span class='ocrx_word' id='word_1_195' title='bbox 791 2191 861 2242; x_wconf 88' lang='grc' dir='ltr'><em>Τι’</em></span> <span class='ocrx_word' id='word_1_196' title='bbox 887 2187 972 2254; x_wconf 84' lang='grc' dir='ltr'><em>δέ,</em></span> <span class='ocrx_word' id='word_1_197' title='bbox 1017 2178 1060 2240; x_wconf 76' lang='grc' dir='ltr'><em>ὦ</em></span> <span class='ocrx_word' id='word_1_198' title='bbox 1089 2187 1362 2256; x_wconf 81' lang='grc' dir='ltr'><em>βέλτιστε;</em></span> <span class='ocrx_word' id='word_1_199' title='bbox 1394 2178 1431 2255; x_wconf 87' lang='grc' dir='ltr'><strong><em>ἦ</em></strong></span> <span class='ocrx_word' id='word_1_200' title='bbox 1452 2182 1595 2255; x_wconf 86' lang='grc' dir='ltr'><em>καὶὴ</em></span> <span class='ocrx_word' id='word_1_201' title='bbox 1626 2191 1729 2240; x_wconf 85' lang='grc' dir='ltr'><em>τοῦ</em></span> <span class='ocrx_word' id='word_1_202' title='bbox 1750 2196 1869 2241; x_wconf 86' lang='grc' dir='ltr'><em>νεῖν</em></span> 
     </span>
     <span class='ocr_line' id='line_1_29' title="bbox 183 2266 1214 2339; baseline -0.001 -17"><span class='ocrx_word' id='word_1_203' title='bbox 183 2267 450 2338; x_wconf 81' lang='grc' dir='ltr'><em>ἐπιστήμη</em></span> <span class='ocrx_word' id='word_1_204' title='bbox 470 2268 646 2339; x_wconf 87' lang='grc' dir='ltr'><em>σεμνή</em></span> <span class='ocrx_word' id='word_1_205' title='bbox 665 2273 743 2334; x_wconf 88' lang='grc' dir='ltr'><em>τίς</em></span> <span class='ocrx_word' id='word_1_206' title='bbox 763 2286 851 2324; x_wconf 90' lang='grc' dir='ltr'><em>σοι</em></span> <span class='ocrx_word' id='word_1_207' title='bbox 871 2272 1028 2324; x_wconf 87' lang='grc' dir='ltr'><em>δοκεῖ</em></span> <span class='ocrx_word' id='word_1_208' title='bbox 1046 2266 1214 2333; x_wconf 84' lang='grc' dir='ltr'><em>εἷναι;</em></span> 
     </span>
    </p>

    <p class='ocr_par' dir='ltr' id='par_1_14' title="bbox 326 2349 1098 2421">
     <span class='ocr_line' id='line_1_30' title="bbox 326 2349 1098 2421; baseline -0.005 -15"><span class='ocrx_word' id='word_1_209' title='bbox 326 2356 493 2406; x_wconf 86' lang='grc' dir='ltr'><em>ΚΑΛ.</em></span> <span class='ocrx_word' id='word_1_210' title='bbox 536 2349 634 2406; x_wconf 79' lang='grc' dir='ltr'><em>Μὰ</em></span> <span class='ocrx_word' id='word_1_211' title='bbox 655 2349 747 2407; x_wconf 83' lang='grc' dir='ltr'><em>Δί’</em></span> <span class='ocrx_word' id='word_1_212' title='bbox 774 2350 878 2407; x_wconf 83' lang='grc' dir='ltr'><em>οὐκ</em></span> <span class='ocrx_word' id='word_1_213' title='bbox 899 2356 1098 2421; x_wconf 75' lang='grc' dir='ltr'><em>ἔμοιγε.</em></span> 
     </span>
    </p>

    <p class='ocr_par' dir='ltr' id='par_1_15' title="bbox 182 2421 1924 2918">
     <span class='ocr_line' id='line_1_31' title="bbox 326 2421 1867 2505; baseline -0.001 -16"><span class='ocrx_word' id='word_1_214' title='bbox 326 2440 448 2489; x_wconf 71' lang='grc' dir='ltr'><em>Σῼ.</em></span> <span class='ocrx_word' id='word_1_215' title='bbox 498 2436 605 2490; x_wconf 79' lang='grc' dir='ltr'><em>Καὶ</em></span> <span class='ocrx_word' id='word_1_216' title='bbox 642 2432 754 2505; x_wconf 86' lang='grc' dir='ltr'><em>μὴν</em></span> <span class='ocrx_word' id='word_1_217' title='bbox 773 2421 946 2500; x_wconf 67' lang='grc' dir='ltr'><em>’σώζει</em></span> <span class='ocrx_word' id='word_1_218' title='bbox 975 2453 1039 2503; x_wconf 78' lang='grc' dir='ltr'><em>γε</em></span> <span class='ocrx_word' id='word_1_219' title='bbox 1073 2432 1163 2486; x_wconf 82' lang='grc' dir='ltr'><em>καὶ</em></span> <span class='ocrx_word' id='word_1_220' title='bbox 1192 2429 1331 2501; x_wconf 79' lang='grc' dir='ltr'><em>αὕτη</em></span> <span class='ocrx_word' id='word_1_221' title='bbox 1366 2432 1425 2486; x_wconf 81' lang='grc' dir='ltr'><em>ἐκ</em></span> <span class='ocrx_word' id='word_1_222' title='bbox 1452 2433 1707 2487; x_wconf 83' lang='grc' dir='ltr'><em>θανάτου</em></span> <span class='ocrx_word' id='word_1_223' title='bbox 1736 2431 1867 2499; x_wconf 82' lang='grc' dir='ltr'><em>τούς</em></span> 
     </span>
     <span class='ocr_line' id='line_1_32' title="bbox 182 2507 1866 2588; baseline -0.001 -16"><span class='ocrx_word' id='word_1_224' title='bbox 182 2517 548 2587; x_wconf 74' lang='grc' dir='ltr'><em>ἀνθρώπους,</em></span> <span class='ocrx_word' id='word_1_225' title='bbox 570 2515 707 2572; x_wconf 85' lang='grc' dir='ltr'><em>ὅταν</em></span> <span class='ocrx_word' id='word_1_226' title='bbox 726 2523 803 2582; x_wconf 81' lang='grc' dir='ltr'><em>εἰς</em></span> <span class='ocrx_word' id='word_1_227' title='bbox 819 2522 1080 2572; x_wconf 88' lang='grc' dir='ltr'><em>τοιοῦτον</em></span> <span class='ocrx_word' id='word_1_228' title='bbox 1099 2515 1439 2585; x_wconf 78' lang='grc' dir='ltr'><em>ἐμπέσωσιν,</em></span> <span class='ocrx_word' id='word_1_229' title='bbox 1473 2507 1545 2571; x_wconf 83' lang='grc' dir='ltr'><em>οὗ</em></span> <span class='ocrx_word' id='word_1_230' title='bbox 1564 2518 1652 2571; x_wconf 89' lang='grc' dir='ltr'><em>δεῖ</em></span> <span class='ocrx_word' id='word_1_231' title='bbox 1662 2515 1866 2588; x_wconf 85' lang='grc' dir='ltr'><em>ταύτης</em></span> 
     </span>
     <span class='ocr_line' id='line_1_33' title="bbox 182 2596 1861 2671; baseline 0 -17"><span class='ocrx_word' id='word_1_232' title='bbox 182 2606 279 2671; x_wconf 84' lang='grc' dir='ltr'><em>τῆς</em></span> <span class='ocrx_word' id='word_1_233' title='bbox 306 2600 617 2670; x_wconf 77' lang='grc' dir='ltr'><em>ἐπιστήμης.</em></span> <span class='ocrx_word' id='word_1_234' title='bbox 676 2604 727 2654; x_wconf 83' lang='grc' dir='ltr'><em>εἰ</em></span> <span class='ocrx_word' id='word_1_235' title='bbox 753 2596 802 2653; x_wconf 86' lang='grc' dir='ltr'><em>δ’</em></span> <span class='ocrx_word' id='word_1_236' title='bbox 827 2597 967 2669; x_wconf 83' lang='grc' dir='ltr'><em>αὕτη</em></span> <span class='ocrx_word' id='word_1_237' title='bbox 1003 2615 1092 2653; x_wconf 88' lang='grc' dir='ltr'><em>σοι</em></span> <span class='ocrx_word' id='word_1_238' title='bbox 1123 2600 1279 2653; x_wconf 79' lang='grc' dir='ltr'><em>δοκεῖ</em></span> <span class='ocrx_word' id='word_1_239' title='bbox 1305 2596 1508 2669; x_wconf 78' lang='grc' dir='ltr'><em>σμικρὰ</em></span> <span class='ocrx_word' id='word_1_240' title='bbox 1550 2597 1717 2670; x_wconf 84' lang='grc' dir='ltr'><em>εἶναι,</em></span> <span class='ocrx_word' id='word_1_241' title='bbox 1756 2597 1861 2669; x_wconf 69' lang='grc' dir='ltr'><em>ἐγώ</em></span> 
     </span>
     <span class='ocr_line' id='line_1_34' title="bbox 182 2678 1924 2753; baseline -0.002 -17"><span class='ocrx_word' id='word_1_242' title='bbox 182 2697 271 2737; x_wconf 86' lang='grc' dir='ltr'><em>σοι</em></span> <span class='ocrx_word' id='word_1_243' title='bbox 292 2686 512 2753; x_wconf 78' lang='grc' dir='ltr'><em>μείζονα</em></span> <span class='ocrx_word' id='word_1_244' title='bbox 531 2681 734 2752; x_wconf 84' lang='grc' dir='ltr'><em>ταύτης</em></span> <span class='ocrx_word' id='word_1_245' title='bbox 754 2682 863 2749; x_wconf 77' lang='grc' dir='ltr'><em>ἐρῶ</em></span> <span class='ocrx_word' id='word_1_246' title='bbox 876 2723 890 2748; x_wconf 93' lang='grc'><em>,</em></span> <span class='ocrx_word' id='word_1_247' title='bbox 928 2679 1032 2751; x_wconf 84' lang='grc' dir='ltr'><em>τὴν</em></span> <span class='ocrx_word' id='word_1_248' title='bbox 1062 2681 1500 2752; x_wconf 84' lang='grc' dir='ltr'><em>κυβερνητικήν,</em></span> <span class='ocrx_word' id='word_1_249' title='bbox 1539 2678 1574 2752; x_wconf 83' lang='grc' dir='ltr'><strong><em>ἣ</em></strong></span> <span class='ocrx_word' id='word_1_250' title='bbox 1597 2679 1664 2737; x_wconf 85' lang='grc' dir='ltr'><em>ού</em></span> <span class='ocrx_word' id='word_1_251' title='bbox 1683 2680 1861 2752; x_wconf 90' lang='grc' dir='ltr'><em>μόνον</em></span> <span class='ocrx_word' id='word_1_252' title='bbox 1890 2693 1924 2733; x_wconf 88' lang='lat' dir='ltr'>D</span> 
     </span>
     <span class='ocr_line' id='line_1_35' title="bbox 182 2761 1860 2836; baseline -0.001 -18"><span class='ocrx_word' id='word_1_253' title='bbox 182 2784 278 2828; x_wconf 86' lang='grc' dir='ltr'><em>τας</em></span> <span class='ocrx_word' id='word_1_254' title='bbox 295 2762 472 2836; x_wconf 70' lang='grc' dir='ltr'><em>ψυχὰς</em></span> <span class='ocrx_word' id='word_1_255' title='bbox 502 2764 688 2833; x_wconf 74' lang='grc' dir='ltr'><em>σώζει,</em></span> <span class='ocrx_word' id='word_1_256' title='bbox 729 2761 868 2819; x_wconf 74' lang='grc' dir='ltr'><em>ἀλλὰ</em></span> <span class='ocrx_word' id='word_1_257' title='bbox 900 2765 991 2818; x_wconf 81' lang='grc' dir='ltr'><em>καὶ</em></span> <span class='ocrx_word' id='word_1_258' title='bbox 1020 2762 1087 2819; x_wconf 76' lang='grc' dir='ltr'><em>τοὶ</em></span> <span class='ocrx_word' id='word_1_259' title='bbox 1119 2762 1342 2835; x_wconf 77' lang='grc' dir='ltr'><em>σώματα</em></span> <span class='ocrx_word' id='word_1_260' title='bbox 1373 2764 1463 2819; x_wconf 83' lang='grc' dir='ltr'><em>καὶ</em></span> <span class='ocrx_word' id='word_1_261' title='bbox 1493 2761 1559 2819; x_wconf 77' lang='grc' dir='ltr'><em>τὰ</em></span> <span class='ocrx_word' id='word_1_262' title='bbox 1594 2763 1860 2834; x_wconf 86' lang='grc' dir='ltr'><em>χρήματα,</em></span> 
     </span>
     <span class='ocr_line' id='line_1_36' title="bbox 182 2843 1858 2918; baseline -0.001 -15"><span class='ocrx_word' id='word_1_263' title='bbox 182 2850 239 2903; x_wconf 70' lang='grc' dir='ltr'><em>ἐκ</em></span> <span class='ocrx_word' id='word_1_264' title='bbox 258 2853 372 2903; x_wconf 80' lang='grc' dir='ltr'><em>τῶν</em></span> <span class='ocrx_word' id='word_1_265' title='bbox 390 2846 631 2918; x_wconf 73' lang='grc' dir='ltr'><em>ἐσχάτων</em></span> <span class='ocrx_word' id='word_1_266' title='bbox 651 2845 964 2916; x_wconf 83' lang='grc' dir='ltr'><em>κινδύνων,</em></span> <span class='ocrx_word' id='word_1_267' title='bbox 1005 2845 1190 2915; x_wconf 74' lang='grc' dir='ltr'><em>ὥσπερ</em></span> <span class='ocrx_word' id='word_1_268' title='bbox 1222 2845 1254 2917; x_wconf 83' lang='grc' dir='ltr'>ἡ</span> <span class='ocrx_word' id='word_1_269' title='bbox 1278 2846 1565 2918; x_wconf 75' lang='grc' dir='ltr'><em>ῥητορική·</em></span> <span class='ocrx_word' id='word_1_270' title='bbox 1606 2847 1697 2901; x_wconf 80' lang='grc' dir='ltr'><em>καὶ</em></span> <span class='ocrx_word' id='word_1_271' title='bbox 1720 2843 1858 2912; x_wconf 78' lang='grc' dir='ltr'><em>αὕτη</em></span> 
     </span>
    </p>
   </div>
  </div>
 </body>
</html>
