1962 3112
1617 0 1633 6 f<
1643 0 1661 8 --
1670 0 1749 13 “vu-:—
1759 0 1833 18 c:
1852 0 1962 24 »ντὶ-ῖς,

158 179 264 233 358
766 182 1243 231 ΠΛΑΤΩΝΟΣ
1747 191 1831 234 160

97 322 129 362 Ε
299 321 485 373 ΜΕΝ.
548 308 733 371 Τίοῦν
754 315 848 386 δή;

299 402 424 452 ΣΩ.
488 404 615 452 Τῶν
649 399 863 452 ἐκείνου
894 394 1213 464 ποιημάτων
1232 397 1533 466 λελυμένον
1551 396 1651 466 μὲν
1670 398 1830 465 ἐκτῆ-

161 490 297 537 σθαι
325 479 392 535 οὐ
423 487 628 551 πολλῆς
656 477 805 543 τινὸς
825 477 981 544 ἄξιόν
1002 482 1114 534 ἐστι
1133 485 1314 550 τιμῆς,
1352 478 1536 550 ὥσπερ
1559 484 1832 551 δραπέτην

161 562 495 632 ἄνθρωπον·
545 560 613 616 οὐ
660 561 765 631 γὰρ
814 564 1136 631 παραμένει·
1193 564 1487 632 δεδεμένον
1525 563 1585 618 δὲ
1621 568 1834 617 πολλοῦ

161 645 341 710 ἄξιον·
382 644 531 699 πάνυ
559 642 667 713 γάρ
699 641 839 698 καλά
860 642 925 696 τα
944 647 1076 712 ἔργα
1095 645 1222 698 ἐστι’.
1255 642 1392 711 πρὸς
1411 649 1466 699 τί
1481 637 1585 698 οὖν
1606 645 1669 713 δὴ
1695 645 1832 713 λέγω

161 733 361 794 ταῦτα;
399 725 537 795 πρὸς
569 723 664 789 τὰς
694 722 853 789 δόξας
883 725 976 789 τάς
1006 722 1245 795 άληθεῖς.
1286 727 1375 780 καὶ
1405 725 1509 795 γὰρ
1531 730 1591 781 αἰ
1607 725 1759 791 δόξαι
1779 729 1838 781 αι’

163 808 417 880 ἀληθεῖς,
464 806 600 862 ὅσον
637 804 739 876 μὲν
776 803 847 860 ἂν
884 805 1091 876 χρόνον
1128 808 1511 878 παραμένωσι,
1561 805 1733 863 καλὸν
1770 807 1829 863 τὸ

77 901 134 946 98
164 897 344 963 χρῆμα
373 893 462 945 καὶ
488 889 669 943 πάντα
704 886 922 958 τάγαθὰ
949 888 1293 958 ἐργάζονται·
1334 888 1514 944 πολύν
1545 892 1603 945 δὲ
1629 890 1834 961 χρόνον

164 971 268 1028 οὐκ
298 973 555 1027 ἐθέλουσι
593 972 956 1041 παραμένειν,
996 969 1134 1026 ἄλλα
1170 973 1606 1041 δραπετεύουσιν
1642 976 1702 1028 ἐκ
1738 978 1833 1043 τῆς
1885 1024 1887 1026 ,

162 1060 339 1125 ψυχῆς
358 1060 460 1108 τοῦ
481 1051 795 1122 ἀνθρώπου
810 1095 824 1123 ,
866 1050 1005 1107 ὥστε
1038 1051 1106 1108 οὐ
1128 1061 1337 1110 πολλοῦ
1359 1054 1515 1120 ἄξιαί
1529 1060 1693 1124 εἰσιν,
1735 1056 1834 1118 ἕως

163 1134 235 1190 ἄν
253 1158 334 1200 τις
353 1132 524 1199 αὐτάς
543 1134 683 1205 δήσῃ
714 1138 886 1198 αἰτίας
915 1141 1175 1209 λογισμῷ.
1217 1144 1377 1191 τοῦτο
1412 1135 1459 1191 δ’
1497 1139 1671 1205 ἐστίν,
1709 1138 1833 1192 Μέ-

163 1241 280 1274 νων
309 1219 514 1288 ἑταῖρε,
554 1216 885 1287 ἀνάμνησις,
924 1215 998 1281 ὡς
1027 1221 1087 1273 ἐν
1115 1231 1226 1283 τοῖς
1257 1219 1510 1287 πρόσθεν
1537 1217 1668 1291 ἡμῖν
1689 1216 1835 1289 ὠμο-

165 1300 409 1371 λόγηται.
446 1296 670 1355 ἐπειδὰν
697 1302 756 1354 δὲ
789 1303 1022 1369 δεθῶσι,
1063 1307 1287 1368 πρῶτον
1315 1305 1423 1370 μὲν·
1445 1304 1733 1371 ἐπιστῆμαι
1751 1307 1835 1370 γί-

166 1405 418 1453 γνονται,
457 1386 639 1437 ἔπειτα
675 1380 925 1452 μόνιμοι·
962 1383 1053 1436 καὶ
1083 1381 1171 1436 διὰ
1207 1389 1378 1437 ταῦτα
1416 1382 1481 1453 δὴ
1519 1382 1831 1453 τιμιώτερον

166 1464 433 1535 ἐπιστήμη
457 1462 634 1533 ὀρθῆς
654 1463 814 1534 δόξης
834 1467 969 1534 ἐστι’,
994 1466 1083 1520 καὶ
1105 1466 1350 1535 διαφέρει
1370 1468 1552 1536 δεσμῷ
1570 1464 1834 1535 ἐπιστήμη

166 1545 344 1618 ὀρθῆς
364 1546 538 1616 δόξης.

107 1641 140 1680 Β
312 1634 499 1684 MEN.
552 1629 643 1699 Νὴ
680 1628 780 1683 τὸν
814 1634 950 1697 Δία,
989 1622 1035 1682 ὦ
1070 1627 1391 1698 Σώκρατες,
1428 1633 1569 1683 ἔοικε
1605 1627 1835 1700 τοιούτῳ

166 1715 289 1765 τινί.

257 1826 268 1834 ·
306 1799 413 1848 XL.
483 1798 609 1848 Σῼ.
664 1796 773 1847 Καὶ
792 1791 902 1863 μήν
917 1794 1008 1847 καὶ
1028 1791 1132 1861 ἐγώ
1155 1790 1226 1856 ὡς
1249 1790 1350 1846 οὐκ
1368 1790 1526 1856 εἰδὼς
1545 1795 1701 1861 λέγω,
1723 1787 1834 1845 ἀλλ’

169 1875 423 1940 εἰκάζων·
461 1873 547 1930 ὅτι
576 1876 639 1930 δέ
663 1878 779 1929 ἐστί
804 1897 854 1928 τι
884 1872 1107 1930 ἀλλοῖον
1127 1871 1273 1944 ὀρθὴ
1295 1874 1423 1939 δόξα
1443 1875 1533 1929 καὶ
1551 1871 1835 1942 ἐπιστήμη,

169 1953 238 2011 οὐ
275 1955 426 2010 πάνυ
458 1977 552 2026 μοι
592 1960 739 2011 δοκῶ
774 1962 937 2011 τοῦτο
978 1955 1236 2026 εἰκάζειν,
1275 1954 1394 2010 ἄλλ’
1440 1963 1591 2024 εἰπερ
1622 1978 1673 2008 τι
1701 1953 1834 2008 ἄλλο

170 2043 344 2108 φαίην
363 2032 436 2091 ἄν
454 2039 684 2106 εἰδέναι,
717 2037 874 2108 ὀλίγα
899 2037 951 2093 δ’
977 2035 1049 2093 ἂν
1069 2043 1255 2108 φαίην,
1278 2040 1340 2092 ἓν
1361 2035 1412 2091 δ’
1438 2032 1543 2092 οὖν
1562 2039 1651 2092 καὶ
1675 2043 1835 2091 τοῦτο

169 2120 396 2174 ἐκείνων
412 2124 578 2189 θείην
597 2115 670 2173 ἄν
689 2113 771 2174 οἷν
791 2119 927 2174 οἶδα.

307 2204 493 2255 ΜΕΝ.
545 2202 656 2256 Καὶ
674 2198 860 2270 ὀρθῶς
878 2222 966 2269 γε,
992 2194 1034 2255 ὦ
1054 2200 1374 2269 Σώκρατες,
1396 2204 1582 2269 λέγεις.

309 2286 434 2336 ΣΩ.
478 2285 548 2336 Τί
562 2285 679 2347 δαίς
698 2281 820 2337 τόδε
838 2280 941 2337 οὐκ
957 2279 1160 2352 ὀρθῶς,
1182 2281 1266 2336 ὅτι
1285 2280 1499 2353 ἀληθὴς
1517 2281 1648 2347 δόξα
1666 2278 1837 2350 ἡγου-

169 2363 306 2431 μένη
336 2361 394 2416 τὸ
425 2366 589 2431 ἔργον
616 2362 846 2432 ἑκάστης
874 2369 968 2433 τῆς
998 2363 1242 2430 πράξεως
1272 2362 1436 2418 οὐδὲν
1461 2374 1647 2434 χεῖρον
1667 2360 1838 2430 άπερ-

170 2444 386 2513 γάζεται
406 2441 441 2513 ἦ
464 2435 758 2515 ἐπιστήμης

107 2541 142 2585 c
311 2531 497 2580 ΜΕΝ.
551 2528 660 2580 Καὶ
680 2531 841 2579 τοῦτο
864 2530 1041 2591 δοκεῖς
1062 2549 1155 2597 μοι
1176 2525 1357 2597 ἀληθῆ
1377 2529 1570 2595 λέγειν.

308 2612 434 2661 ΣΏ.
492 2603 677 2662 Οὐδὲν
710 2608 816 2675 ἄρα
848 2606 995 2678 ὀρθὴ
1022 2609 1153 2675 δόξα
1182 2609 1479 2679 ἐπιστήμης
1508 2619 1691 2677 χεῖρον
1709 2602 1838 2660 οὐδὲ

140 2755 145 2757 ‚
170 2681 338 2759 ἦττον
367 2684 612 2758 ὠφελίμη
643 2692 794 2742 ἔσται
823 2693 899 2753 εἰς
928 2687 1024 2754 τὰς
1051 2691 1302 2761 πράξεις,
1342 2688 1471 2745 οὐδὲ·
1489 2687 1631 2759 ἀνὴρ
1651 2685 1679 2743 ὁ
1702 2693 1839 2760 ἔχων

169 2767 354 2840 ὀρθήν
373 2769 542 2834 δόξαν
561 2766 596 2839 ἦ
617 2767 644 2824 ὁ
667 2770 976 2841 ἐπιστήμην.

309 2856 495 2907 ΜΕΝ.
538 2850 688 2905 ’Έστι
706 2856 892 2906 ταῦτα.
