2020 3094
1431 5 1438 15 -
1511 0 1527 2 ··
1552 5 1579 22 τ-·
1604 0 2020 32 ·’;ῑ“”ἢνψίῆιτῑτεπῖπτπῑ

234 155 334 208 108
834 155 1312 204 ΠΛΑΤΩΝΟΣ
1854 162 1909 205 20

232 289 362 362 ἄρα,
385 289 520 346 ὅταν
540 289 645 361 ἐγώ
668 291 770 360 μὲν
789 287 890 345 τὸν
907 294 1008 343 τοῦ
1027 288 1344 359 πράγματος
1362 288 1529 360 λόγον
1547 291 1715 360 λέγω,
1760 286 1832 343 σύ
1853 287 1912 344 δὲ

236 372 414 429 ἄλλου
433 373 582 438 τινὸς
602 373 775 430 ἄλλον
788 416 801 441 ,
826 373 950 428 τότε
969 370 1351 442 άντιλέγομεν;
1389 368 1425 442 ἦ
1443 370 1549 442 ἐγώ
1568 372 1709 442 λέγω
1729 370 1830 442 μὲν
1847 368 1909 426 τὸ

237 461 480 527 πρᾶγμα,
504 453 574 510 σύ
595 456 654 511 δὲ
673 453 804 511 οὐδὲ
823 457 997 525 λέγεις
1021 451 1081 509 τὸ
1104 453 1390 522 παράπαν·
1412 450 1439 509 ὁ
1463 454 1522 511 δὲ
1540 454 1613 525 μὴ
1635 455 1812 525 λέγων
1830 459 1908 526 τῷ

237 541 453 607 λέγοντι
471 543 587 601 πῶς
607 533 680 592 ἂν
701 535 1001 607 ἀντιλέγοι,

376 624 487 677 XV.
550 621 660 675 Καὶ
689 617 717 674 ὁ
750 619 852 691 μὲν
880 619 1200 691 Κτήσιππος
1228 621 1502 691 ἐσίγησεν·
1539 616 1644 688 ἐγώ
1677 618 1735 674 δὲ
1764 625 1912 673 θαυ-

238 702 414 774 μάσας
433 702 745 773 τὸνλόγον,
783 709 939 773 Πῶς,
977 706 1147 773 ἔφην,
1189 695 1671 772 ὦΔιονυσόδωρε,
1717 702 1912 771 λέγειςς

177 799 206 841 G
238 783 305 840 οὐ
322 784 431 857 γάρ
461 806 546 841 τοι
563 784 703 842 ἀλλὰ
722 786 925 841 τοῦτόν
942 806 1006 856 γε
1030 782 1129 839 τὸν
1146 782 1316 853 λόγον
1334 789 1557 839 πολλῶν
1577 780 1643 853 δὴ
1664 784 1754 838 καὶ
1777 789 1912 838 πολ-

237 866 395 932 λάκις
414 865 667 939 ἀκηκοώς
697 866 781 925 ἀεὶ
807 868 1093 939 θαυμάζω.
1133 868 1225 922 καὶ
1249 865 1356 938 γὰρ
1378 869 1434 922 οἰ
1449 864 1591 937 ἀμφὶ
1608 865 1902 935 Πρωταγό»

238 971 344 1019 ραν
377 949 598 1021 σφόδρα
627 952 863 1022 ἐχρῶντο
896 948 1046 1023 αὐτῷ
1075 951 1166 1006 καὶ
1195 953 1253 1005 οἰ
1279 954 1355 1006 ἔτι
1384 949 1758 1016 παλαιότεροι·
1797 951 1914 1018 ἐμοὶ

238 1033 298 1087 δὲ
316 1030 400 1087 άεὶ
418 1032 743 1102 θαυμαστός
773 1054 854 1097 τις
882 1036 1036 1088 δοκεῖ
1060 1031 1200 1087 εἶναι
1218 1034 1308 1089 καὶ
1326 1032 1459 1098 τούς
1475 1054 1533 1087 τε
1553 1031 1755 1096 ἄλλους
1777 1029 1919 1087 άνα-

238 1118 456 1185 τρέπων
493 1116 584 1170 καὶ
609 1114 774 1178 αὐτὸς
802 1111 1000 1169 αὑτόν·
1043 1113 1193 1185 οἶμαι
1223 1117 1283 1170 δὲ
1312 1113 1489 1171 αὐτοῦ
1514 1113 1618 1186 τὴν
1645 1112 1915 1186 ἀλήθειαν

239 1196 387 1268 παρὰ
418 1203 524 1252 σοῦ
554 1196 816 1252 κάλλιστα
846 1195 1171 1252 πεύσεσθαι.
1209 1195 1342 1254 ἄλλο
1372 1219 1424 1253 τι
1451 1194 1489 1269 ἦ
1518 1201 1697 1269 ψευδῆ
1734 1198 1913 1267 λέγειν

239 1279 344 1336 οὐκ
373 1284 514 1347 ἔστη
547 1286 709 1335 τοῦτο
730 1302 837 1350 γαρ
860 1277 1137 1335 δύναται
1111 1302 1140 1335 ο
1161 1279 1350 1350 λόγος·
1389 1273 1427 1350 ἦ
1453 1279 1585 1351 γάρ,
1625 1277 1745 1336 ἀλλ’
1769 1276 1805 1351 ἢ
1824 1282 1914 1336 λέ-

240 1361 393 1433 γοντ’
430 1360 615 1434 αληθῆ
646 1365 826 1434 λέγειν
853 1360 890 1434 ἦ
915 1362 987 1434 μὴ
1020 1365 1224 1432 λέγειν;
1256 1362 1590 1434 Συνεχώρει.
1663 1362 1914 1433 Πότερον
2015 1434 2020 1440 ¹

174 1461 207 1500 D
241 1449 348 1501 οὐν
373 1449 554 1517 ψευδῆ
583 1445 685 1516 μὲν
714 1447 894 1516 λέγειν
927 1444 1030 1500 οὐκ
1059 1449 1196 1514 ἔστι,
1235 1444 1479 1511 δοξάζειν
1514 1447 1702 1516 μέντοι
1737 1450 1914 1513 ἔστινς
2012 1454 2020 1515 i

241 1526 389 1584 Οὐδὲ
407 1528 681 1599 δοξάζειν,
714 1531 833 1601 ἔφη.
901 1527 1042 1584 Οὐδ
1067 1527 1175 1596 ἄρα
1195 1527 1430 1599 ψευδής,
1459 1521 1605 1599 ἦνδ’
1626 1529 1760 1599 ἐγώ,
1783 1529 1912 1594 δόξα
2008 1540 2011 1542 ’

236 1615 349 1666 ἔστι
384 1607 446 1666 τό
488 1610 764 1681 παράπαν.
854 1610 975 1668 Οὐκ
1011 1615 1133 1683 ἔφη.
1209 1607 1349 1665 Οὐδ’
1391 1610 1498 1679 ἄρα
1535 1608 1747 1681 ἀμαθία
1788 1607 1910 1665 οὐδ’

240 1691 476 1793 άμαθεῖς
495 1693 817 1764 ἅνθρωποι
841 1690 878 1765 ἢ
900 1692 967 1750 οὐ
983 1690 1139 1750 τοῦτ’
1165 1715 1238 1748 αν
1256 1700 1336 1762 εἴη
1358 1689 1600 1763 ἀμαθία,
1639 1701 1790 1762 εἴπερ
1813 1700 1914 1764 εἴη,

237 1775 299 1832 τὸ
337 1775 647 1842 ψεύδεσθαι
682 1798 797 1832 των
836 1777 1196 1848 πραγμάτωνς
1242 1775 1406 1830 Πάνυ
1441 1796 1531 1845 γε,
1570 1780 1692 1847 ἔφη.
1757 1774 1913 1831 Ἀλλά

238 1865 402 1914 τοῦτο
424 1857 527 1914 οὐκ
548 1862 723 1927 ἔστιν,
758 1853 898 1930 ἧνδ’
922 1859 1047 1929 ε’γεό.
1107 1857 1228 1915 Οὐκ
1248 1863 1369 1930 ἔφη.
1421 1858 1613 1928 Λόγου
1643 1859 1833 1927 ἕνεκα,
1874 1879 1915 1913 ω

238 1941 664 2012 Διονυσόδωρε,
691 1944 865 2011 λέγεις
883 1938 984 1997 τὸν
1002 1941 1258 2012 λόγον,”
1234 1964 1325 1997 ινα
1347 1939 1460 2012 δὴ
1435 1942 1647 1997 άτοπον
1666 1943 1857 2013 λέγῃς,
1879 1936 1917 2011 ἢ

243 2022 316 2089 ὡς
350 2023 577 2096 άληθῶς
613 2029 769 2079 δοκεῖ
801 2040 888 2079 σοι
925 2022 1105 2090 οὐδεὶς
1137 2023 1276 2080 εἶναι
1303 2022 1528 2095 αμαθὴς
1564 2021 1913 2092 ανθρώπωνς

175 2123 206 2163 Ε
233 2104 396 2163 Ἀλλὰ
417 2107 489 2162 σύ
503 2150 518 2177 ,
557 2111 663 2178 ἔφη
678 2151 691 2178 ,
729 2112 966 2179 ἔλεγξον.
1033 2101 1104 2163 Ἠ
1115 2109 1206 2164 καὶ
1225 2113 1336 2163 ἔστι
1353 2114 1517 2163 τοῦτο
1538 2105 1675 2163 κατὰ
1696 2107 1793 2162 τόν
1814 2105 1917 2161 σὸν
1984 2159 1986 2161 ,
2019 2126 2020 2142 ³

239 2190 439 2260 λόγον,
461 2193 754 2261 ἐξελέγξαι,
776 2189 1012 2262 μηδενὸς
1031 2193 1406 2262 ψευδομένους
1431 2187 1552 2246 Οὐκ
1573 2193 1739 2260 ἔστιν,
1758 2193 1862 2259 ἔφη
1884 2186 1912 2243 ὁ

242 2271 595 2342 Εὐθύδημος.
651 2271 791 2328 Οὐδ’
812 2272 919 2342 ἄρα
940 2275 1217 2345 ἐκέλευεν,
1241 2278 1383 2344 ἔφην
1402 2273 1536 2344 ἐγώ,
1557 2279 1666 2328 νῦν
1693 2270 1759 2342 δὴ
1779 2279 1918 2327 Διο-
1980 2288 1983 2293 ’

237 2354 561 2425 νυσόδωρος
580 2358 874 2426 ἐξελέγξαι;
901 2355 975 2412 Τὸ
995 2357 1102 2427 γὰρ
1123 2380 1196 2429 μη
1223 2354 1291 2412 ὂν
1309 2364 1424 2421 πῶς
1440 2357 1512 2412 άν
1528 2378 1610 2421 τις
1629 2355 1915 2411 κελεύσαι·
1901 2395 1916 2420 ,
1981 2407 1983 2410 .

241 2438 313 2492 σύ
334 2436 393 2493 δε
414 2437 683 2504 κελεύεις,
707 2437 854 2509 Ότι,
893 2432 1038 2510 ἧνδ’
1071 2440 1204 2511 ἐγώ,
1246 2433 1642 2509 ὦΕὐθύδημε,
1684 2458 1750 2491 τα
1769 2435 1916 2507 σοφα
1978 2467 1980 2471 v

239 2524 412 2573 ταῦτα
441 2521 532 2574 καὶ
560 2541 628 2574 τα
660 2523 724 2575 εὐ
755 2525 948 2591 ἔχοντα
978 2520 1047 2576 οὐ
1070 2519 1221 2576 πάνυ
1239 2543 1290 2575 τι
1309 2519 1612 2592 μανθάνω,
1646 2517 1784 2574 ἄλλα
1811 2539 1917 2574 πα-

239 2604 374 2672 χέως
392 2620 508 2665 πως
527 2604 719 2657 ἐννοῶ.
742 2611 872 2669 ἴσως
892 2605 994 2675 μὲν
1013 2598 1120 2660 οὖν
1134 2602 1544 2675 φορτικωτερόν
1558 2623 1609 2657 τι
1624 2602 1913 2673 ἐρήσομαι.
1965 2670 1969 2675 .

244 2681 383 2740 ἄλλα
418 2689 828 2754 συγγίγνωσκε,
869 2685 974 2756 ὅρα
1014 2690 1096 2741 δέ·
1134 2692 1183 2742 εἰ
1198 2708 1307 2758 γαρ
1327 2685 1462 2756 μήτε
1481 2684 1789 2751 ψεύδεσθαι
1807 2688 1917 2741 ἔστι

128 2787 213 2832 237
243 2765 380 2837 μήτε
418 2769 598 2837 ψευδῆ
640 2766 885 2833 δοξάζειν
922 2768 1056 2839 μήτε
1093 2767 1286 2839 ἀμαθῆ
1323 2767 1489 2836 εἶναι,
1529 2766 1663 2822 ἄλλο
1702 2789 1753 2822 τι
1790 2764 1914 2822 οὐδ’

241 2849 636 2920 ἐξαμαρτάνειν
655 2853 803 2904 ἔστιν
816 2891 832 2919 ,
874 2848 1009 2905 ὅταν
1027 2857 1106 2915 τίς
1126 2873 1175 2904 τι
1196 2848 1434 2920 πράττῃς
1473 2849 1783 2920 πράττοντα
1810 2847 1918 2919 γὰρ
