2020 3094
227 323 336 378 Καὶ
357 318 486 391 μάλ’
496 324 655 391 ,ε’φη,
677 320 835 388 ε’τερα
855 324 1097 373 τοιαῦτα.
1177 315 1408 373 Οὐκοῦν
1436 319 1614 392 πατήρ
1635 323 1784 376 ἐστιν
1804 319 1907 375 αύ-

228 410 341 459 τεόν
361 401 388 459 6
414 404 596 459 κύων·
583 445 597 469 ,
620 402 833 472 Εγωγέ
849 423 931 456 τοι
952 399 1126 472 εἶδον,
1166 405 1299 471 ἔφη,
1331 398 1502 456 αὐτὸν
1522 400 1787 472 ὀχεύοντα
1806 401 1907 473 τὴν

230 485 387 539 κύνα.
470 489 541 539 Τί
574 486 703 548 οὐν;
742 480 810 538 ού
848 483 946 546 σός
983 485 1132 538 ἐστιν
1168 481 1196 538 6
1235 482 1416 549 κύων,
1458 484 1622 539 Πάνυ
1657 482 1713 555 γ’
1729 527 1745 556 ,
1784 490 1906 556 ἔφη.

233 566 463 623 Ου’κοῦν
481 564 661 637 πατὴρ
685 562 766 620 ὢν
786 565 882 630 σός
903 569 1078 637 ἐστιν,
1121 564 1259 621 ωστε
1292 563 1389 631 σὸς
1417 565 1595 638 πατὴρ
1615 573 1857 638 γίγνεται
1877 565 1906 623 ὁ

230 649 383 705 κύων
403 654 494 706 καὶ
515 647 585 704 σύ
607 654 891 718 κυναρίων
910 646 1175 718 άδελφός;

372 736 532 789 XXV.
606 732 715 786 Καὶ
735 723 904 795 αὖθις
930 728 1066 799 ταχύ
1087 727 1389 802 ὑπολαβών
1409 728 1438 785 ὁ
1459 731 1904 800 Διονυσόδωρος,

229 820 321 872 ἵνα
358 814 432 887 μὴ
467 813 743 886 πρότερόν
777 836 828 869 τι
865 822 1008 870 εἴποι
1038 812 1066 868 ὁ
1098 814 1447 886 Κτήσιππος,
1484 815 1594 871 Καὶ
1624 821 1701 871 ἔτι
1723 817 1790 885 γέ
1814 837 1906 886 μοι

229 897 446 969 μικρόν,
469 901 603 968 ἔφη,
642 894 964 966 ἀπόκριναι·
1003 896 1222 962 τύπτεις
1249 895 1351 952 τὸν
1381 897 1524 952 κύνα
1552 903 1778 964 τοῦτον;
1815 901 1906 954 καὶ
1992 960 1993 964 ¹

229 977 258 1036 6
280 978 602 1049 Κτήσιππος
621 977 885 1047 γελάσας,
916 976 1006 1050 Νὴ
1028 978 1160 1043 τούς
1180 979 1377 1050 θεούς,
1420 983 1551 1051 ἔφη·
1584 978 1652 1034 ού
1672 981 1777 1049 γὰρ
1805 979 1907 1035 δύ-
1983 1004 1985 1006 ·

122 1076 203 1121 299
232 1083 400 1132 ναμαι
432 1061 506 1115 σε’.
587 1057 817 1116 Οὐκοῦν
845 1058 945 1115 τὸν
975 1067 1186 1115 σαυτοῦ
1218 1062 1450 1132 πατέρα,
1489 1065 1622 1132 ἔφη,
1662 1061 1906 1126 τύπτεις;
1994 1066 2003 1087 ”

231 1141 389 1199 Πολύ
426 1144 641 1213 μέντοι,
691 1146 828 1213 ἔφη,
878 1142 1224 1210 δικαιότερον
1260 1139 1359 1197 τόν
1397 1140 1664 1213 ὑμέτερον
1702 1147 1906 1212 πατέρα

232 1226 513 1295 τύπτοιμι,
551 1223 584 1279 ὅ
613 1246 664 1279 τι
693 1221 896 1294 μαθων
926 1223 1137 1293 σοφοὺς
1166 1227 1301 1288 υἱεῖς
1322 1222 1497 1288 οὕτως
1517 1229 1738 1294 ἔφυσεν.
1783 1222 1904 1280 ἄλλ’

230 1301 268 1379 ἦ
287 1329 413 1375 που,
437 1300 480 1361 ὦ
498 1304 831 1376 Εὐθύδημε,
853 1309 956 1376 ἔφη
980 1304 1006 1360 6
1028 1305 1376 1375 Κτήσιππος,
1408 1304 1569 1361 πόλλ’
1592 1303 1778 1375 ἀγαθὰ
1799 1303 1906 1360 ἀπὸ

231 1396 327 1461 τῆς
349 1387 611 1459 ὑμετέρας
632 1392 829 1457 σοφίας
848 1387 1049 1457 ταύτης
1077 1386 1455 1444 ἀπολέλαυκεν
1474 1385 1502 1442 ὁ
1524 1385 1700 1458 πατὴρ
1722 1386 1750 1442 6
1773 1385 1906 1458 ὑμέ-

234 1470 390 1542 τερός
409 1492 466 1525 τε
485 1467 622 1525 καὶὸ
646 1475 758 1523 τῶν
786 1471 1067 1523 κυνιδίων.
1139 1465 1286 1523 Ἀλλ’
1310 1467 1476 1525 οὐδὲν
1499 1473 1667 1524 δεῖται
1685 1475 1906 1525 πολλῶν

235 1552 498 1624 ἀγαθῶν,
539 1544 583 1606 ὦ
601 1550 918 1621 Κτήσιππε,
960 1546 1078 1604 οὔτ’
1103 1550 1310 1613 ἐκεῖνος
1339 1548 1466 1604 οὔτε
1486 1550 1571 1605 σύ.
1650 1549 1796 1606 Οὐδὲ
1818 1550 1901 1609 σύ.

232 1628 338 1705 ἧδ’
362 1631 450 1703 ὅς,
483 1626 527 1687 03
548 1630 882 1702 Εὐθύδημε,
912 1629 1103 1697 αύτός;
1144 1628 1290 1685 Οὐδὲ
1316 1629 1480 1695 ἄλλος
1499 1653 1561 1701 γε
1591 1631 1772 1695 οὐδεὶς
1803 1629 1906 1685 άν-

233 1715 498 1785 θρώπων.
541 1715 655 1770 εἰπὲ
674 1713 779 1783 γάρ
799 1735 918 1783 μοι,
960 1706 1004 1767 c3
1021 1714 1334 1783 Κτήσιππε,
1375 1716 1425 1767 εἰ
1440 1710 1659 1782 ἀγαθὸν
1678 1716 1909 1783 νομίζεις

175 1814 203 1853 Β
235 1797 372 1854 εἶναι
409 1795 747 1851 ἀσθενοῦντι
788 1794 1087 1864 φάρμακον
1124 1805 1268 1848 πιεῖν
1306 1791 1342 1864 ἢ
1372 1792 1474 1849 οὐκ
1511 1792 1730 1864 ἀγαθὸν
1768 1793 1907 1850 εἶναι

235 1884 387 1935 δοκεῖ
424 1897 528 1949 σοι,
567 1876 703 1932 ὅταν
739 1879 947 1947 δέηται·
997 1871 1032 1946 ἢ
1077 1880 1152 1939 εἰς
1188 1874 1430 1946 πόλεμον
1469 1875 1604 1931 ὅταν
1640 1884 1722 1948 ἴῃ,
1763 1875 1906 1931 ὅπλα

233 1966 426 2032 ἔχοντα
462 1966 672 2030 μᾶλλον
719 1954 908 2029 ἰέναιῆ
951 1956 1210 2013 ἄνοπλον.
1270 1956 1522 2028 ”Εμοιγε,
1571 1961 1691 2028 ἔφη.
1734 1964 1908 2013 καίτοι

236 2042 389 2113 οἶμαί
402 2048 456 2098 τί
476 2059 536 2097 σε
556 2048 668 2096 τῶν
687 2048 876 2096 καλῶν
895 2042 1054 2110 ἐρεῖν.
1130 2037 1219 2094 Σύ
1239 2038 1433 2109 ἄριστα
1450 2047 1608 2109 εἴσει,
1631 2044 1760 2110 ἔφη·
1783 2037 1905 2094 ἀλλ’

235 2122 559 2194 ἀποκρίνου.
595 2121 776 2194 ἐπειδὴ
808 2122 913 2192 γὰρ
948 2121 1246 2192 ὡμολόγεις
1273 2119 1493 2191 άγαθόν
1527 2120 1663 2177 εἶναι
1686 2121 1910 2192 φάρμα-

235 2230 355 2276 κον,
378 2207 515 2262 ὅταν
535 2209 646 2279 δέῃ,
668 2213 849 2262 πίνειν
870 2206 1154 2280 ἀνθρώπῳ
1169 2249 1183 2277 ,
1206 2204 1339 2261 ἄλλο
1359 2228 1410 2260 τι
1428 2213 1590 2261 τοῦτο
1610 2206 1670 2261 τὰ
1689 2203 1909 2276 ἀγαθὸν

237 2289 310 2356 ὡς
330 2297 588 2346 πλεῖστον
612 2293 699 2345 δεῖ
712 2295 921 2360 πίνειν,
952 2291 1042 2345 καὶ
1067 2295 1249 2354 καλῶς
1268 2291 1381 2344 ἐκεῖ
1395 2289 1525 2359 ἔξει,
1548 2288 1643 2343 ε’άν
1661 2310 1741 2352 τις
1760 2285 1908 2358 αὐτῷ

234 2379 428 2444 τρίψας
466 2374 733 2444 ἐγκεράσῃ
774 2372 1072 2443 ἐλλεβόρου
1109 2370 1351 2441 ἅμαξαν;
1400 2372 1490 2425 καὶ
1525 2368 1551 2424 6
1591 2369 1910 2439 Κτήσιππος

178 2470 208 2510 C
238 2453 378 2523 εἶπε,
415 2454 582 2509 Πάνυ
600 2476 661 2524 γε
683 2454 929 2525 σφόδρα,
979 2449 1023 2507 03
1042 2452 1379 2524 Εὐθύδημε,
1429 2449 1526 2507 ἐὰν
1544 2444 1581 2522 ᾗ
1599 2472 1660 2521 γε
1682 2447 1711 2505 6
1732 2455 1910 2505 πίνων

237 2533 367 2599 ὅσος
387 2533 415 2590 6
441 2532 669 2606 ἀνδριὰς
700 2534 728 2591 6
761 2540 821 2590 ἐν
837 2543 1096 2606 Δελφοῖς.
1176 2532 1433 2604 Οὐκοῦν,
1472 2536 1604 2603 ἔφη,
1645 2533 1734 2588 καὶ
1754 2535 1907 2601 ἐντῷ

236 2619 453 2688 πολέμῳ
474 2616 657 2687 ἐπειδὴ
681 2615 899 2687 ἀγαθόν
927 2620 1073 2672 ἐστιν
1104 2615 1247 2671 ὅπλα
1278 2620 1443 2686 ἔχειν,
1484 2612 1556 2679 ὡς
1585 2620 1807 2669 πλεῖστα
1831 2616 1913 2667 δεῖ

237 2702 377 2768 ἔχειν
408 2697 615 2766 δόρατά
651 2722 707 2754 τε
741 2701 831 2756 καὶ
865 2697 1123 2768 ἀσπίδας,
1163 2698 1453 2767 ἐπειδήπερ
1484 2694 1703 2765 ἀγαθόν
1732 2697 1908 2757 ἐστιν;

235 2780 409 2834 smila
431 2780 630 2851 δήπου,
653 2786 757 2851 ἔφη
779 2779 807 2836 6
831 2781 1175 2851 Κτήσιππος·
1199 2777 1269 2833 σύ
1292 2777 1345 2833 δ’
1367 2777 1470 2833 οὐκ
1492 2786 1621 2847 οἰέι,
1646 2770 1689 2831 ὦ
1712 2774 1909 2831 Εὐθύ-

235 2865 397 2932 δημε,
441 2860 577 2917 άλλὰ
611 2868 744 2932 μίαν
771 2866 859 2917 καὶ
882 2866 942 2917 ἓν
963 2863 1125 2932 δόρυ;
1148 2861 1372 2931 ’Έγωγε
1439 2854 1510 2914 ῗΗ
1544 2863 1633 2913 καὶ
1670 2859 1767 2913 τὸν
1796 2863 1907 2926 Γη-

228 185 330 238 124
398 208 407 211 ”
844 184 1312 233 ΠΛΑΤΩΝΟΣ
1854 194 1912 240 36
1991 212 2020 701 1

2004 726 2020 760 ⁴<
