<?xml version="1.0" encoding="UTF-8"?>
<!DOCTYPE html PUBLIC "-//W3C//DTD XHTML 1.0 Transitional//EN"
    "http://www.w3.org/TR/xhtml1/DTD/xhtml1-transitional.dtd">
<html xmlns="http://www.w3.org/1999/xhtml" xml:lang="en" lang="en">
 <head>
  <title>
</title>
<meta http-equiv="Content-Type" content="text/html;charset=utf-8" />
  <meta name='ocr-system' content='tesseract 3.04.00' />
  <meta name='ocr-capabilities' content='ocr_page ocr_carea ocr_par ocr_line ocrx_word'/>
</head>
<body>
  <div class='ocr_page' id='page_1' title='image "./dialogisecumdumt03platuoft_0394.png"; bbox 0 0 1962 3112; ppageno 0'>
   <div class='ocr_carea' id='block_1_1' title="bbox 219 125 1894 184">
    <p class='ocr_par' dir='ltr' id='par_1_1' title="bbox 219 125 1894 184">
     <span class='ocr_line' id='line_1_1' title="bbox 219 125 1894 184; baseline 0.008 -15"><span class='ocrx_word' id='word_1_1' title='bbox 219 125 325 178; x_wconf 82' lang='grc'><em>360</em></span> <span class='ocrx_word' id='word_1_2' title='bbox 827 128 1304 177; x_wconf 77' lang='grc' dir='ltr'><em>ΠΛΑΤΩΝΟΣ</em></span> <span class='ocrx_word' id='word_1_3' title='bbox 1812 139 1894 184; x_wconf 75' lang='lat'><em>162</em></span> 
     </span>
    </p>
   </div>
   <div class='ocr_carea' id='block_1_2' title="bbox 219 264 1895 496">
    <p class='ocr_par' dir='ltr' id='par_1_2' title="bbox 219 264 1895 496">
     <span class='ocr_line' id='line_1_2' title="bbox 365 264 737 317; baseline -0.008 0"><span class='ocrx_word' id='word_1_4' title='bbox 365 264 547 317; x_wconf 81' lang='lat' dir='ltr'><em>MEN.</em></span> <span class='ocrx_word' id='word_1_5' title='bbox 608 265 737 315; x_wconf 90' lang='grc' dir='ltr'><em>Ναί.</em></span> 
     </span>
     <span class='ocr_line' id='line_1_3' title="bbox 366 340 1895 420; baseline 0.005 -24"><span class='ocrx_word' id='word_1_6' title='bbox 366 348 485 397; x_wconf 74' lang='grc' dir='ltr'><em>ΣΩ.</em></span> <span class='ocrx_word' id='word_1_7' title='bbox 539 340 837 412; x_wconf 79' lang='grc' dir='ltr'><em>Ώφέλιμον</em></span> <span class='ocrx_word' id='word_1_8' title='bbox 856 341 1022 398; x_wconf 75' lang='grc' dir='ltr'><em>δὲκαὶ</em></span> <span class='ocrx_word' id='word_1_9' title='bbox 1040 341 1259 414; x_wconf 69' lang='grc' dir='ltr'><em>ἀγαθὸν</em></span> <span class='ocrx_word' id='word_1_10' title='bbox 1280 343 1418 400; x_wconf 83' lang='grc' dir='ltr'><em>εἶναι</em></span> <span class='ocrx_word' id='word_1_11' title='bbox 1436 345 1496 401; x_wconf 83' lang='grc' dir='ltr'><em>τὸ</em></span> <span class='ocrx_word' id='word_1_12' title='bbox 1516 342 1702 417; x_wconf 76' lang='grc' dir='ltr'><em>ὀρθῶς</em></span> <span class='ocrx_word' id='word_1_13' title='bbox 1721 345 1895 420; x_wconf 79' lang='grc' dir='ltr'><em>ἡγού-</em></span> 
     </span>
     <span class='ocr_line' id='line_1_4' title="bbox 219 446 416 496; baseline 0.005 -18"><span class='ocrx_word' id='word_1_14' title='bbox 219 446 416 496; x_wconf 88' lang='grc' dir='ltr'><em>μενον;</em></span> 
     </span>
    </p>
   </div>
   <div class='ocr_carea' id='block_1_3' title="bbox 132 505 1893 2870">
    <p class='ocr_par' dir='ltr' id='par_1_3' title="bbox 360 505 871 574">
     <span class='ocr_line' id='line_1_5' title="bbox 360 505 871 574; baseline -0.004 -13"><span class='ocrx_word' id='word_1_15' title='bbox 360 511 546 561; x_wconf 80' lang='grc' dir='ltr'><em>ΜΕΝ</em></span> <span class='ocrx_word' id='word_1_16' title='bbox 603 505 768 559; x_wconf 76' lang='grc' dir='ltr'><em>Πάνυ</em></span> <span class='ocrx_word' id='word_1_17' title='bbox 793 526 871 574; x_wconf 85' lang='grc' dir='ltr'><em>γε.</em></span> 
     </span>
    </p>

    <p class='ocr_par' dir='ltr' id='par_1_4' title="bbox 132 585 1893 989">
     <span class='ocr_line' id='line_1_6' title="bbox 132 585 1890 663; baseline 0.002 -20"><span class='ocrx_word' id='word_1_18' title='bbox 132 601 189 648; x_wconf 85' lang='grc'><em>99</em></span> <span class='ocrx_word' id='word_1_19' title='bbox 358 592 483 643; x_wconf 76' lang='grc' dir='ltr'><em>ΣΩ.</em></span> <span class='ocrx_word' id='word_1_20' title='bbox 532 585 746 657; x_wconf 70' lang='grc' dir='ltr'><em>Ὀρθῶς</em></span> <span class='ocrx_word' id='word_1_21' title='bbox 779 588 842 642; x_wconf 84' lang='grc' dir='ltr'><em>δέ</em></span> <span class='ocrx_word' id='word_1_22' title='bbox 868 610 930 657; x_wconf 85' lang='grc' dir='ltr'><em>γε</em></span> <span class='ocrx_word' id='word_1_23' title='bbox 959 585 1215 658; x_wconf 80' lang='grc' dir='ltr'><em>ἡγεῖσθαι</em></span> <span class='ocrx_word' id='word_1_24' title='bbox 1242 588 1342 644; x_wconf 83' lang='grc' dir='ltr'><em>δύο</em></span> <span class='ocrx_word' id='word_1_25' title='bbox 1375 589 1511 645; x_wconf 79' lang='grc' dir='ltr'><em>ὄντα</em></span> <span class='ocrx_word' id='word_1_26' title='bbox 1538 596 1710 646; x_wconf 84' lang='grc' dir='ltr'><em>ταῦτα</em></span> <span class='ocrx_word' id='word_1_27' title='bbox 1730 592 1890 663; x_wconf 77' lang='grc' dir='ltr'><em>μόνα,</em></span> 
     </span>
     <span class='ocr_line' id='line_1_7' title="bbox 221 666 1893 744; baseline 0.002 -21"><span class='ocrx_word' id='word_1_28' title='bbox 221 670 389 735; x_wconf 83' lang='grc' dir='ltr'><em>δόξαν</em></span> <span class='ocrx_word' id='word_1_29' title='bbox 408 691 464 724; x_wconf 92' lang='grc' dir='ltr'><em>τε</em></span> <span class='ocrx_word' id='word_1_30' title='bbox 487 666 672 738; x_wconf 75' lang='grc' dir='ltr'><em>ἀληθῆ</em></span> <span class='ocrx_word' id='word_1_31' title='bbox 692 670 783 724; x_wconf 86' lang='grc' dir='ltr'><em>καὶ</em></span> <span class='ocrx_word' id='word_1_32' title='bbox 803 670 1133 741; x_wconf 79' lang='grc' dir='ltr'><em>ἐπιστήμην,</em></span> <span class='ocrx_word' id='word_1_33' title='bbox 1172 667 1206 725; x_wconf 77' lang='grc' dir='ltr'><em>ἃ</em></span> <span class='ocrx_word' id='word_1_34' title='bbox 1225 675 1364 741; x_wconf 82' lang='grc' dir='ltr'><em>ἔχων</em></span> <span class='ocrx_word' id='word_1_35' title='bbox 1383 669 1682 742; x_wconf 78' lang='grc' dir='ltr'><em>ἅνθρωπος</em></span> <span class='ocrx_word' id='word_1_36' title='bbox 1706 671 1893 744; x_wconf 87' lang='grc' dir='ltr'><em>ὀρθως</em></span> 
     </span>
     <span class='ocr_line' id='line_1_8' title="bbox 218 749 1893 827; baseline 0.002 -20"><span class='ocrx_word' id='word_1_37' title='bbox 218 751 445 823; x_wconf 82' lang='grc' dir='ltr'><em>ἡγεῖται.</em></span> <span class='ocrx_word' id='word_1_38' title='bbox 482 749 547 806; x_wconf 81' lang='grc' dir='ltr'><em>τὰ</em></span> <span class='ocrx_word' id='word_1_39' title='bbox 584 749 691 821; x_wconf 78' lang='grc' dir='ltr'><em>γὰρ</em></span> <span class='ocrx_word' id='word_1_40' title='bbox 728 749 836 806; x_wconf 84' lang='grc' dir='ltr'><em>απὸ</em></span> <span class='ocrx_word' id='word_1_41' title='bbox 876 751 1042 823; x_wconf 80' lang='grc' dir='ltr'><strong><em>τύχης</em></strong></span> <span class='ocrx_word' id='word_1_42' title='bbox 1078 753 1379 824; x_wconf 86' lang='grc' dir='ltr'><em>γιγνόμενα</em></span> <span class='ocrx_word' id='word_1_43' title='bbox 1422 751 1525 810; x_wconf 79' lang='grc' dir='ltr'><em>οὐκ</em></span> <span class='ocrx_word' id='word_1_44' title='bbox 1562 753 1893 827; x_wconf 76' lang='grc' dir='ltr'><em>ἀνθρωπίνῃ</em></span> 
     </span>
     <span class='ocr_line' id='line_1_9' title="bbox 218 826 1889 908; baseline 0.002 -19"><span class='ocrx_word' id='word_1_45' title='bbox 218 832 313 905; x_wconf 81' lang='grc' dir='ltr'><em>ἡγ</em></span> <span class='ocrx_word' id='word_1_46' title='bbox 301 839 486 904; x_wconf 17' lang='grc' dir='ltr'><em>Ἁμονιᾳ</em></span> <span class='ocrx_word' id='word_1_47' title='bbox 515 839 785 904; x_wconf 73' lang='grc' dir='ltr'><em>γί“γνεται</em></span> <span class='ocrx_word' id='word_1_48' title='bbox 828 826 876 908; x_wconf 74' lang='grc' dir='ltr'><em>ᾦ</em></span> <span class='ocrx_word' id='word_1_49' title='bbox 903 833 962 889; x_wconf 76' lang='grc' dir='ltr'><em>δὲ</em></span> <span class='ocrx_word' id='word_1_50' title='bbox 989 834 1290 904; x_wconf 79' lang='grc' dir='ltr'><em>ἄνθρωπος</em></span> <span class='ocrx_word' id='word_1_51' title='bbox 1320 834 1541 907; x_wconf 74' lang='grc' dir='ltr'><em>ἡγεμών</em></span> <span class='ocrx_word' id='word_1_52' title='bbox 1559 840 1707 893; x_wconf 86' lang='grc' dir='ltr'><em>ἐστιν</em></span> <span class='ocrx_word' id='word_1_53' title='bbox 1725 839 1809 893; x_wconf 87' lang='grc' dir='ltr'><em>ἐπι</em></span> <span class='ocrx_word' id='word_1_54' title='bbox 1827 834 1889 893; x_wconf 77' lang='grc' dir='ltr'><em>τὸ</em></span> 
     </span>
     <span class='ocr_line' id='line_1_10' title="bbox 219 913 1570 989; baseline 0.002 -19"><span class='ocrx_word' id='word_1_55' title='bbox 219 913 424 984; x_wconf 79' lang='grc' dir='ltr'><em>ὀρθόν,</em></span> <span class='ocrx_word' id='word_1_56' title='bbox 448 914 549 969; x_wconf 82' lang='grc' dir='ltr'><em>δύο</em></span> <span class='ocrx_word' id='word_1_57' title='bbox 570 922 768 983; x_wconf 79' lang='grc' dir='ltr'><em>ταῦτα,</em></span> <span class='ocrx_word' id='word_1_58' title='bbox 797 915 928 980; x_wconf 83' lang='grc' dir='ltr'><em>δόξα</em></span> <span class='ocrx_word' id='word_1_59' title='bbox 948 913 1162 986; x_wconf 76' lang='grc' dir='ltr'><em>ἀληθὴς</em></span> <span class='ocrx_word' id='word_1_60' title='bbox 1180 919 1270 972; x_wconf 82' lang='grc' dir='ltr'><em>καὶ</em></span> <span class='ocrx_word' id='word_1_61' title='bbox 1292 918 1570 989; x_wconf 89' lang='grc' dir='ltr'><em>ἐπιστήμη.</em></span> 
     </span>
    </p>

    <p class='ocr_par' dir='ltr' id='par_1_5' title="bbox 358 996 1096 1067">
     <span class='ocr_line' id='line_1_11' title="bbox 358 996 1096 1067; baseline 0.003 -17"><span class='ocrx_word' id='word_1_62' title='bbox 358 1002 544 1051; x_wconf 88' lang='grc' dir='ltr'><strong>ΜΕΝ.</strong></span> <span class='ocrx_word' id='word_1_63' title='bbox 603 1003 777 1051; x_wconf 86' lang='grc' dir='ltr'><em>Δοκεῖ</em></span> <span class='ocrx_word' id='word_1_64' title='bbox 792 1019 885 1067; x_wconf 93' lang='grc' dir='ltr'><em>μοι</em></span> <span class='ocrx_word' id='word_1_65' title='bbox 905 996 1096 1062; x_wconf 83' lang='grc' dir='ltr'><em>οὕτως.</em></span> 
     </span>
    </p>

    <p class='ocr_par' dir='ltr' id='par_1_6' title="bbox 219 1076 1869 1232">
     <span class='ocr_line' id='line_1_12' title="bbox 302 1076 1869 1150; baseline 0.002 -17"><span class='ocrx_word' id='word_1_66' title='bbox 302 1142 303 1147; x_wconf 13' lang='lat'>¹</span> <span class='ocrx_word' id='word_1_67' title='bbox 359 1085 488 1134; x_wconf 94' lang='lat' dir='ltr'><strong>XLI.</strong></span> <span class='ocrx_word' id='word_1_68' title='bbox 554 1083 678 1134; x_wconf 65' lang='lat'><em>252.</em></span> <span class='ocrx_word' id='word_1_69' title='bbox 738 1076 968 1133; x_wconf 80' lang='grc' dir='ltr'><em>Οὐκοῦν</em></span> <span class='ocrx_word' id='word_1_70' title='bbox 986 1079 1169 1150; x_wconf 84' lang='grc' dir='ltr'><em>ἐπειδὴ</em></span> <span class='ocrx_word' id='word_1_71' title='bbox 1193 1077 1259 1133; x_wconf 80' lang='grc' dir='ltr'><em>οὐ</em></span> <span class='ocrx_word' id='word_1_72' title='bbox 1283 1083 1542 1135; x_wconf 88' lang='grc' dir='ltr'><em>διδακτυν</em></span> <span class='ocrx_word' id='word_1_73' title='bbox 1561 1080 1733 1149; x_wconf 78' lang='grc' dir='ltr'><em>ἐστιν,</em></span> <span class='ocrx_word' id='word_1_74' title='bbox 1765 1080 1869 1135; x_wconf 80' lang='grc' dir='ltr'><em>οὐδ</em></span> 
     </span>
     <span class='ocr_line' id='line_1_13' title="bbox 219 1158 1196 1232; baseline 0 -16"><span class='ocrx_word' id='word_1_75' title='bbox 219 1161 489 1232; x_wconf 79' lang='grc' dir='ltr'><em>ἐπιστήμῃ</em></span> <span class='ocrx_word' id='word_1_76' title='bbox 510 1158 575 1230; x_wconf 86' lang='grc' dir='ltr'><em>δὴ</em></span> <span class='ocrx_word' id='word_1_77' title='bbox 598 1163 928 1231; x_wconf 75' lang='grc' dir='ltr'><em>ἐπιγίγνεται</em></span> <span class='ocrx_word' id='word_1_78' title='bbox 950 1158 982 1232; x_wconf 81' lang='grc' dir='ltr'>ἡ</span> <span class='ocrx_word' id='word_1_79' title='bbox 1006 1160 1196 1230; x_wconf 77' lang='grc' dir='ltr'><em>ἄρετή;</em></span> 
     </span>
    </p>

    <p class='ocr_par' dir='ltr' id='par_1_7' title="bbox 356 1240 963 1310">
     <span class='ocr_line' id='line_1_14' title="bbox 356 1240 963 1310; baseline -0.007 -13"><span class='ocrx_word' id='word_1_80' title='bbox 356 1247 541 1297; x_wconf 89' lang='grc' dir='ltr'><strong><em>ΜΕΝ.</em></strong></span> <span class='ocrx_word' id='word_1_81' title='bbox 595 1240 679 1296; x_wconf 82' lang='grc' dir='ltr'><em>Οὐ</em></span> <span class='ocrx_word' id='word_1_82' title='bbox 699 1248 963 1310; x_wconf 84' lang='grc' dir='ltr'><em>φαίνεται.</em></span> 
     </span>
    </p>

    <p class='ocr_par' dir='ltr' id='par_1_8' title="bbox 156 1320 1887 1556">
     <span class='ocr_line' id='line_1_15' title="bbox 156 1320 1885 1394; baseline 0 -15"><span class='ocrx_word' id='word_1_83' title='bbox 156 1337 186 1379; x_wconf 89' lang='grc' dir='ltr'><strong>Β</strong></span> <span class='ocrx_word' id='word_1_84' title='bbox 357 1329 480 1379; x_wconf 74' lang='grc' dir='ltr'><em>Σῼ.</em></span> <span class='ocrx_word' id='word_1_85' title='bbox 537 1330 720 1379; x_wconf 82' lang='grc' dir='ltr'><em>Δυοῖν</em></span> <span class='ocrx_word' id='word_1_86' title='bbox 750 1321 858 1391; x_wconf 72' lang='grc' dir='ltr'><em>ἄρα</em></span> <span class='ocrx_word' id='word_1_87' title='bbox 890 1321 1078 1377; x_wconf 79' lang='grc' dir='ltr'><em>ὄντοιν</em></span> <span class='ocrx_word' id='word_1_88' title='bbox 1107 1322 1347 1392; x_wconf 75' lang='grc' dir='ltr'><em>ἀγαθοῖν</em></span> <span class='ocrx_word' id='word_1_89' title='bbox 1374 1323 1466 1378; x_wconf 81' lang='grc' dir='ltr'><em>καὶ</em></span> <span class='ocrx_word' id='word_1_90' title='bbox 1495 1320 1796 1394; x_wconf 72' lang='grc' dir='ltr'><em>ὥφελίμοιν</em></span> <span class='ocrx_word' id='word_1_91' title='bbox 1824 1346 1885 1379; x_wconf 92' lang='grc' dir='ltr'><em>το</em></span> 
     </span>
     <span class='ocr_line' id='line_1_16' title="bbox 213 1400 1887 1476; baseline 0 -16"><span class='ocrx_word' id='word_1_92' title='bbox 213 1404 315 1475; x_wconf 74' lang='grc' dir='ltr'><em>μὲν</em></span> <span class='ocrx_word' id='word_1_93' title='bbox 332 1406 522 1474; x_wconf 80' lang='grc' dir='ltr'><em>ἕτερον</em></span> <span class='ocrx_word' id='word_1_94' title='bbox 542 1403 899 1474; x_wconf 77' lang='grc' dir='ltr'><em>ἄπολέλυται,</em></span> <span class='ocrx_word' id='word_1_95' title='bbox 921 1405 1012 1459; x_wconf 83' lang='grc' dir='ltr'><em>καὶ</em></span> <span class='ocrx_word' id='word_1_96' title='bbox 1033 1402 1135 1459; x_wconf 83' lang='grc' dir='ltr'><em>οὐκ</em></span> <span class='ocrx_word' id='word_1_97' title='bbox 1156 1400 1227 1459; x_wconf 71' lang='grc' dir='ltr'><em>ἂν</em></span> <span class='ocrx_word' id='word_1_98' title='bbox 1246 1412 1325 1474; x_wconf 86' lang='grc' dir='ltr'><em>εἰή</em></span> <span class='ocrx_word' id='word_1_99' title='bbox 1347 1406 1406 1458; x_wconf 89' lang='grc' dir='ltr'><em>ἐν</em></span> <span class='ocrx_word' id='word_1_100' title='bbox 1426 1410 1677 1476; x_wconf 83' lang='grc' dir='ltr'><em>πολιτικῇ</em></span> <span class='ocrx_word' id='word_1_101' title='bbox 1698 1403 1887 1475; x_wconf 78' lang='grc' dir='ltr'><em>πράξει</em></span> 
     </span>
     <span class='ocr_line' id='line_1_17' title="bbox 213 1483 732 1556; baseline 0.002 -17"><span class='ocrx_word' id='word_1_102' title='bbox 213 1486 476 1556; x_wconf 80' lang='grc' dir='ltr'><em>ἐπιστήμη</em></span> <span class='ocrx_word' id='word_1_103' title='bbox 498 1483 732 1556; x_wconf 76' lang='grc' dir='ltr'><em>ἡγεμών.</em></span> 
     </span>
    </p>

    <p class='ocr_par' dir='ltr' id='par_1_9' title="bbox 353 1565 982 1638">
     <span class='ocr_line' id='line_1_18' title="bbox 353 1565 982 1638; baseline -0.003 -16"><span class='ocrx_word' id='word_1_104' title='bbox 353 1573 538 1623; x_wconf 83' lang='lat' dir='ltr'><strong><em>MEN.</em></strong></span> <span class='ocrx_word' id='word_1_105' title='bbox 602 1565 689 1622; x_wconf 78' lang='grc' dir='ltr'><em>Οὔ</em></span> <span class='ocrx_word' id='word_1_106' title='bbox 705 1588 799 1638; x_wconf 91' lang='grc' dir='ltr'><em>μοι</em></span> <span class='ocrx_word' id='word_1_107' title='bbox 818 1570 982 1622; x_wconf 74' lang='grc' dir='ltr'><em>δοκεῖ.</em></span> 
     </span>
    </p>

    <p class='ocr_par' dir='ltr' id='par_1_10' title="bbox 212 1646 1885 2039">
     <span class='ocr_line' id='line_1_19' title="bbox 350 1646 1885 1721; baseline 0 -17"><span class='ocrx_word' id='word_1_108' title='bbox 350 1654 476 1704; x_wconf 70' lang='grc' dir='ltr'><em>Σῼ.</em></span> <span class='ocrx_word' id='word_1_109' title='bbox 543 1646 662 1704; x_wconf 83' lang='grc' dir='ltr'><em>Οὐκ</em></span> <span class='ocrx_word' id='word_1_110' title='bbox 683 1647 789 1717; x_wconf 76' lang='grc' dir='ltr'><em>ἄρα</em></span> <span class='ocrx_word' id='word_1_111' title='bbox 810 1654 978 1721; x_wconf 80' lang='grc' dir='ltr'><em>σοφίᾳ</em></span> <span class='ocrx_word' id='word_1_112' title='bbox 998 1650 1103 1703; x_wconf 85' lang='grc' dir='ltr'><em>τινὶ</em></span> <span class='ocrx_word' id='word_1_113' title='bbox 1124 1646 1252 1705; x_wconf 77' lang='grc' dir='ltr'><em>οὐδὲ</em></span> <span class='ocrx_word' id='word_1_114' title='bbox 1272 1652 1435 1720; x_wconf 82' lang='grc' dir='ltr'><em>σοφοὶ</em></span> <span class='ocrx_word' id='word_1_115' title='bbox 1455 1649 1610 1714; x_wconf 86' lang='grc' dir='ltr'><em>ὄντες</em></span> <span class='ocrx_word' id='word_1_116' title='bbox 1631 1652 1687 1704; x_wconf 79' lang='grc' dir='ltr'><em>οἱ</em></span> <span class='ocrx_word' id='word_1_117' title='bbox 1700 1657 1885 1705; x_wconf 75' lang='grc' dir='ltr'><em>τοιοῦ-</em></span> 
     </span>
     <span class='ocr_line' id='line_1_20' title="bbox 213 1726 1884 1802; baseline 0.002 -19"><span class='ocrx_word' id='word_1_118' title='bbox 213 1750 297 1783; x_wconf 89' lang='grc' dir='ltr'><em>τοι</em></span> <span class='ocrx_word' id='word_1_119' title='bbox 317 1727 517 1799; x_wconf 75' lang='grc' dir='ltr'><em>ἄνδρες</em></span> <span class='ocrx_word' id='word_1_120' title='bbox 534 1726 776 1800; x_wconf 83' lang='grc' dir='ltr'><em>ἡγοῦντο</em></span> <span class='ocrx_word' id='word_1_121' title='bbox 799 1742 915 1794; x_wconf 80' lang='grc' dir='ltr'><em>ταῖς</em></span> <span class='ocrx_word' id='word_1_122' title='bbox 939 1730 1184 1801; x_wconf 87' lang='grc' dir='ltr'><em>πόλεσιν,</em></span> <span class='ocrx_word' id='word_1_123' title='bbox 1209 1734 1264 1786; x_wconf 76' lang='grc' dir='ltr'><em>οἱ</em></span> <span class='ocrx_word' id='word_1_124' title='bbox 1279 1729 1419 1802; x_wconf 80' lang='grc' dir='ltr'><em>ἀμφὶ</em></span> <span class='ocrx_word' id='word_1_125' title='bbox 1440 1734 1807 1802; x_wconf 82' lang='grc' dir='ltr'><em>Θεμιστοκλέα</em></span> <span class='ocrx_word' id='word_1_126' title='bbox 1827 1753 1884 1787; x_wconf 88' lang='grc' dir='ltr'><em>τε</em></span> 
     </span>
     <span class='ocr_line' id='line_1_21' title="bbox 213 1807 1884 1883; baseline 0.003 -20"><span class='ocrx_word' id='word_1_127' title='bbox 213 1811 304 1864; x_wconf 84' lang='grc' dir='ltr'><em>καὶ</em></span> <span class='ocrx_word' id='word_1_128' title='bbox 323 1807 419 1874; x_wconf 77' lang='grc' dir='ltr'><em>οὓς</em></span> <span class='ocrx_word' id='word_1_129' title='bbox 438 1809 562 1879; x_wconf 72' lang='grc' dir='ltr'><em>ἄρτι</em></span> <span class='ocrx_word' id='word_1_130' title='bbox 577 1810 808 1875; x_wconf 77' lang='grc' dir='ltr'><em>’Ἀνυτος</em></span> <span class='ocrx_word' id='word_1_131' title='bbox 828 1810 923 1866; x_wconf 77' lang='grc' dir='ltr'><em>ὅδε</em></span> <span class='ocrx_word' id='word_1_132' title='bbox 944 1817 1093 1882; x_wconf 81' lang='grc' dir='ltr'><em>ἔλεγε</em></span> <span class='ocrx_word' id='word_1_133' title='bbox 1108 1833 1118 1844; x_wconf 92' lang='grc'><em>·</em></span> <span class='ocrx_word' id='word_1_134' title='bbox 1141 1811 1224 1867; x_wconf 87' lang='grc' dir='ltr'><em>διὸ</em></span> <span class='ocrx_word' id='word_1_135' title='bbox 1248 1816 1338 1868; x_wconf 83' lang='grc' dir='ltr'><em>καὶ</em></span> <span class='ocrx_word' id='word_1_136' title='bbox 1358 1811 1458 1883; x_wconf 81' lang='grc' dir='ltr'><em>οὐχ</em></span> <span class='ocrx_word' id='word_1_137' title='bbox 1480 1811 1660 1869; x_wconf 85' lang='grc' dir='ltr'><em>οἷοίτε</em></span> <span class='ocrx_word' id='word_1_138' title='bbox 1681 1812 1884 1879; x_wconf 80' lang='grc' dir='ltr'><em>ἄλλους</em></span> 
     </span>
     <span class='ocr_line' id='line_1_22' title="bbox 212 1889 1885 1966; baseline 0.002 -20"><span class='ocrx_word' id='word_1_139' title='bbox 212 1904 391 1947; x_wconf 79' lang='grc' dir='ltr'><em>ποιεῖν</em></span> <span class='ocrx_word' id='word_1_140' title='bbox 409 1892 694 1957; x_wconf 81' lang='grc' dir='ltr'><em>τοιούτους</em></span> <span class='ocrx_word' id='word_1_141' title='bbox 726 1889 832 1948; x_wconf 84' lang='grc' dir='ltr'><em>οἶοι</em></span> <span class='ocrx_word' id='word_1_142' title='bbox 862 1893 1024 1949; x_wconf 82' lang='grc' dir='ltr'><em>αὐτοί</em></span> <span class='ocrx_word' id='word_1_143' title='bbox 1049 1899 1212 1966; x_wconf 80' lang='grc' dir='ltr'><em>εἰσιν,</em></span> <span class='ocrx_word' id='word_1_144' title='bbox 1256 1895 1350 1951; x_wconf 74' lang='grc' dir='ltr'><em>ἅτε</em></span> <span class='ocrx_word' id='word_1_145' title='bbox 1382 1894 1450 1950; x_wconf 82' lang='grc' dir='ltr'><em>οὐ</em></span> <span class='ocrx_word' id='word_1_146' title='bbox 1480 1894 1551 1951; x_wconf 88' lang='grc' dir='ltr'><em>δι’</em></span> <span class='ocrx_word' id='word_1_147' title='bbox 1583 1896 1885 1966; x_wconf 84' lang='grc' dir='ltr'><em>ἐπιστήμην</em></span> 
     </span>
     <span class='ocr_line' id='line_1_23' title="bbox 213 1973 640 2039; baseline 0.005 -11"><span class='ocrx_word' id='word_1_148' title='bbox 213 1973 247 2028; x_wconf 90' lang='lat'><em>0&#39;</em></span> <span class='ocrx_word' id='word_1_149' title='bbox 249 1995 369 2039; x_wconf 87' lang='grc' dir='ltr'><em>ντες</em></span> <span class='ocrx_word' id='word_1_150' title='bbox 388 1981 640 2031; x_wconf 85' lang='grc' dir='ltr'><em>τοιοῦτοι.</em></span> 
     </span>
    </p>

    <p class='ocr_par' dir='ltr' id='par_1_11' title="bbox 351 2054 1882 2132">
     <span class='ocr_line' id='line_1_24' title="bbox 351 2054 1882 2132; baseline 0.001 -19"><span class='ocrx_word' id='word_1_151' title='bbox 351 2063 538 2115; x_wconf 89' lang='lat' dir='ltr'><em>MEN.</em></span> <span class='ocrx_word' id='word_1_152' title='bbox 584 2057 800 2115; x_wconf 82' lang='grc' dir='ltr'><em>’Ἑοικεν</em></span> <span class='ocrx_word' id='word_1_153' title='bbox 821 2059 997 2125; x_wconf 80' lang='grc' dir='ltr'><em>οὕτως</em></span> <span class='ocrx_word' id='word_1_154' title='bbox 1017 2065 1184 2130; x_wconf 84' lang='grc' dir='ltr'><em>ἔχειν,</em></span> <span class='ocrx_word' id='word_1_155' title='bbox 1210 2054 1254 2115; x_wconf 74' lang='grc' dir='ltr'><strong><em>ὦ</em></strong></span> <span class='ocrx_word' id='word_1_156' title='bbox 1270 2061 1583 2131; x_wconf 77' lang='grc' dir='ltr'><em>Σώκρατες,</em></span> <span class='ocrx_word' id='word_1_157' title='bbox 1605 2059 1677 2125; x_wconf 82' lang='grc' dir='ltr'><em>ὡς</em></span> <span class='ocrx_word' id='word_1_158' title='bbox 1695 2064 1882 2132; x_wconf 82' lang='grc' dir='ltr'><em>λέγεις.</em></span> 
     </span>
    </p>

    <p class='ocr_par' dir='ltr' id='par_1_12' title="bbox 352 2140 1884 2216">
     <span class='ocr_line' id='line_1_25' title="bbox 352 2140 1884 2216; baseline 0.001 -21"><span class='ocrx_word' id='word_1_159' title='bbox 352 2147 477 2195; x_wconf 73' lang='grc' dir='ltr'><em>ΣΩ.</em></span> <span class='ocrx_word' id='word_1_160' title='bbox 533 2140 759 2198; x_wconf 83' lang='grc' dir='ltr'><em>Οὐκουν</em></span> <span class='ocrx_word' id='word_1_161' title='bbox 781 2148 829 2198; x_wconf 79' lang='grc' dir='ltr'><em>εἰ</em></span> <span class='ocrx_word' id='word_1_162' title='bbox 846 2141 918 2213; x_wconf 88' lang='grc' dir='ltr'><em>μὴ</em></span> <span class='ocrx_word' id='word_1_163' title='bbox 950 2143 1245 2215; x_wconf 78' lang='grc' dir='ltr'><em>ἐπιστήμῃ,</em></span> <span class='ocrx_word' id='word_1_164' title='bbox 1278 2141 1496 2216; x_wconf 81' lang='grc' dir='ltr'><em>εὐδοξία</em></span> <span class='ocrx_word' id='word_1_165' title='bbox 1515 2141 1581 2212; x_wconf 85' lang='grc' dir='ltr'><em>δὴ</em></span> <span class='ocrx_word' id='word_1_166' title='bbox 1603 2140 1662 2197; x_wconf 83' lang='grc' dir='ltr'><em>τὸ</em></span> <span class='ocrx_word' id='word_1_167' title='bbox 1686 2141 1884 2197; x_wconf 86' lang='grc' dir='ltr'><em>λοιπὸν</em></span> 
     </span>
    </p>

    <p class='ocr_par' dir='ltr' id='par_1_13' title="bbox 154 2215 1882 2542">
     <span class='ocr_line' id='line_1_26' title="bbox 154 2215 1882 2295; baseline 0.001 -17"><span class='ocrx_word' id='word_1_168' title='bbox 154 2234 186 2278; x_wconf 80' lang='lat'><em>0</em></span> <span class='ocrx_word' id='word_1_169' title='bbox 215 2225 483 2291; x_wconf 89' lang='grc' dir='ltr'><em>γίγνεται·</em></span> <span class='ocrx_word' id='word_1_170' title='bbox 519 2215 559 2294; x_wconf 79' lang='grc' dir='ltr'><em>ἦ</em></span> <span class='ocrx_word' id='word_1_171' title='bbox 587 2226 642 2277; x_wconf 87' lang='grc' dir='ltr'><em>οί</em></span> <span class='ocrx_word' id='word_1_172' title='bbox 666 2226 934 2280; x_wconf 83' lang='grc' dir='ltr'><em>πολιτικοὶ</em></span> <span class='ocrx_word' id='word_1_173' title='bbox 954 2223 1151 2295; x_wconf 77' lang='grc' dir='ltr'><em>ἄνδρες</em></span> <span class='ocrx_word' id='word_1_174' title='bbox 1169 2224 1441 2295; x_wconf 77' lang='grc' dir='ltr'><em>χρεόμενοι</em></span> <span class='ocrx_word' id='word_1_175' title='bbox 1459 2247 1556 2289; x_wconf 91' lang='grc' dir='ltr'><em>τας</em></span> <span class='ocrx_word' id='word_1_176' title='bbox 1577 2224 1762 2288; x_wconf 88' lang='grc' dir='ltr'><em>πόλεις</em></span> <span class='ocrx_word' id='word_1_177' title='bbox 1784 2223 1882 2293; x_wconf 81' lang='grc' dir='ltr'><em>ὀρ·-</em></span> 
     </span>
     <span class='ocr_line' id='line_1_27' title="bbox 210 2303 1881 2378; baseline 0.004 -22"><span class='ocrx_word' id='word_1_178' title='bbox 210 2308 444 2372; x_wconf 85' lang='grc' dir='ltr'><em>θοῦσιν,</em></span> <span class='ocrx_word' id='word_1_179' title='bbox 484 2303 649 2361; x_wconf 79' lang='grc' dir='ltr'><em>οὐδὲν</em></span> <span class='ocrx_word' id='word_1_180' title='bbox 680 2306 1056 2376; x_wconf 76' lang='grc' dir='ltr'><em>διαφερόντως</em></span> <span class='ocrx_word' id='word_1_181' title='bbox 1085 2311 1299 2377; x_wconf 82' lang='grc' dir='ltr'><em>ἔχοντες</em></span> <span class='ocrx_word' id='word_1_182' title='bbox 1327 2305 1464 2378; x_wconf 85' lang='grc' dir='ltr'><em>πρὸς</em></span> <span class='ocrx_word' id='word_1_183' title='bbox 1492 2306 1552 2362; x_wconf 84' lang='grc' dir='ltr'><em>τὸ</em></span> <span class='ocrx_word' id='word_1_184' title='bbox 1585 2319 1815 2377; x_wconf 79' lang='grc' dir='ltr'><em>φρονεῖν</em></span> <span class='ocrx_word' id='word_1_185' title='bbox 1848 2303 1881 2377; x_wconf 77' lang='grc' dir='ltr'><strong><em>ἢ</em></strong></span> 
     </span>
     <span class='ocr_line' id='line_1_28' title="bbox 211 2382 1877 2460; baseline 0.003 -22"><span class='ocrx_word' id='word_1_186' title='bbox 211 2405 262 2439; x_wconf 92' lang='grc' dir='ltr'><em>οι</em></span> <span class='ocrx_word' id='word_1_187' title='bbox 251 2388 603 2460; x_wconf 78' lang='grc' dir='ltr'><em>χρησμῳδοί</em></span> <span class='ocrx_word' id='word_1_188' title='bbox 615 2409 672 2443; x_wconf 86' lang='grc' dir='ltr'><em>τε</em></span> <span class='ocrx_word' id='word_1_189' title='bbox 692 2391 782 2444; x_wconf 85' lang='grc' dir='ltr'><em>και</em></span> <span class='ocrx_word' id='word_1_190' title='bbox 803 2391 859 2443; x_wconf 78' lang='grc' dir='ltr'><em>οἰ</em></span> <span class='ocrx_word' id='word_1_191' title='bbox 870 2389 1222 2459; x_wconf 76' lang='grc' dir='ltr'><em>θεομάντεις·</em></span> <span class='ocrx_word' id='word_1_192' title='bbox 1246 2390 1336 2445; x_wconf 83' lang='grc' dir='ltr'><em>καὶ</em></span> <span class='ocrx_word' id='word_1_193' title='bbox 1355 2412 1462 2460; x_wconf 86' lang='grc' dir='ltr'><em>γαρ</em></span> <span class='ocrx_word' id='word_1_194' title='bbox 1484 2382 1638 2444; x_wconf 78' lang='grc' dir='ltr'><em>οὗτοι</em></span> <span class='ocrx_word' id='word_1_195' title='bbox 1656 2390 1877 2459; x_wconf 82' lang='grc' dir='ltr'><em>λέγουσι</em></span> 
     </span>
     <span class='ocr_line' id='line_1_29' title="bbox 208 2465 1679 2542; baseline 0.003 -22"><span class='ocrx_word' id='word_1_196' title='bbox 208 2465 310 2535; x_wconf 90' lang='grc' dir='ltr'><em>μεν</em></span> <span class='ocrx_word' id='word_1_197' title='bbox 329 2466 514 2538; x_wconf 74' lang='grc' dir='ltr'><em>ἀληθῆ</em></span> <span class='ocrx_word' id='word_1_198' title='bbox 532 2471 622 2523; x_wconf 84' lang='grc' dir='ltr'><em>καὶ</em></span> <span class='ocrx_word' id='word_1_199' title='bbox 640 2469 843 2539; x_wconf 87' lang='grc' dir='ltr'><em>πολλα,</em></span> <span class='ocrx_word' id='word_1_200' title='bbox 875 2479 1025 2527; x_wconf 69' lang='grc' dir='ltr'><em>ἴσασι</em></span> <span class='ocrx_word' id='word_1_201' title='bbox 1045 2471 1102 2526; x_wconf 76' lang='grc' dir='ltr'><em>δὲ</em></span> <span class='ocrx_word' id='word_1_202' title='bbox 1123 2465 1353 2527; x_wconf 67' lang='grc' dir='ltr'><em>οὐδὲντ</em></span> <span class='ocrx_word' id='word_1_203' title='bbox 1308 2494 1388 2527; x_wconf 86' lang='grc' dir='ltr'><em>ων</em></span> <span class='ocrx_word' id='word_1_204' title='bbox 1407 2473 1679 2542; x_wconf 82' lang='grc' dir='ltr'><em>λέγουσιν.</em></span> 
     </span>
    </p>

    <p class='ocr_par' dir='ltr' id='par_1_14' title="bbox 348 2552 1297 2622">
     <span class='ocr_line' id='line_1_30' title="bbox 348 2552 1297 2622; baseline 0.005 -20"><span class='ocrx_word' id='word_1_205' title='bbox 348 2555 534 2606; x_wconf 84' lang='lat' dir='ltr'><strong><em>MEN.</em></strong></span> <span class='ocrx_word' id='word_1_206' title='bbox 593 2553 928 2608; x_wconf 83' lang='grc' dir='ltr'><em>Κινδυνεύει</em></span> <span class='ocrx_word' id='word_1_207' title='bbox 946 2552 1121 2616; x_wconf 78' lang='grc' dir='ltr'><em>οὕτως</em></span> <span class='ocrx_word' id='word_1_208' title='bbox 1141 2557 1297 2622; x_wconf 81' lang='grc' dir='ltr'><em>ἔχειν.</em></span> 
     </span>
    </p>

    <p class='ocr_par' dir='ltr' id='par_1_15' title="bbox 206 2628 1875 2870">
     <span class='ocr_line' id='line_1_31' title="bbox 348 2628 1875 2704; baseline 0.003 -18"><span class='ocrx_word' id='word_1_209' title='bbox 348 2637 472 2686; x_wconf 67' lang='grc' dir='ltr'><em>ΣΩι.</em></span> <span class='ocrx_word' id='word_1_210' title='bbox 530 2630 788 2704; x_wconf 80' lang='grc' dir='ltr'><em>Οὐκοῦν,</em></span> <span class='ocrx_word' id='word_1_211' title='bbox 824 2628 868 2688; x_wconf 69' lang='grc' dir='ltr'><em>ὦ</em></span> <span class='ocrx_word' id='word_1_212' title='bbox 887 2638 1125 2704; x_wconf 83' lang='grc' dir='ltr'><em>Μένων,</em></span> <span class='ocrx_word' id='word_1_213' title='bbox 1147 2634 1301 2700; x_wconf 80' lang='grc' dir='ltr'><em>ἄξιον</em></span> <span class='ocrx_word' id='word_1_214' title='bbox 1318 2636 1548 2699; x_wconf 82' lang='grc' dir='ltr'><em>τούτους</em></span> <span class='ocrx_word' id='word_1_215' title='bbox 1565 2640 1758 2700; x_wconf 87' lang='grc' dir='ltr'><em>θείους</em></span> <span class='ocrx_word' id='word_1_216' title='bbox 1776 2658 1875 2691; x_wconf 81' lang='grc' dir='ltr'><em>κα-</em></span> 
     </span>
     <span class='ocr_line' id='line_1_32' title="bbox 207 2713 1875 2788; baseline 0.004 -21"><span class='ocrx_word' id='word_1_217' title='bbox 207 2719 325 2768; x_wconf 80' lang='grc' dir='ltr'><em>λεῖν</em></span> <span class='ocrx_word' id='word_1_218' title='bbox 354 2735 484 2778; x_wconf 90' lang='grc' dir='ltr'><em>τους</em></span> <span class='ocrx_word' id='word_1_219' title='bbox 505 2713 739 2785; x_wconf 72' lang='grc' dir='ltr'><em>ἄνδρας,</em></span> <span class='ocrx_word' id='word_1_220' title='bbox 776 2720 973 2782; x_wconf 80' lang='grc' dir='ltr'><em>οἵτινες</em></span> <span class='ocrx_word' id='word_1_221' title='bbox 992 2724 1134 2772; x_wconf 81' lang='grc' dir='ltr'><em>νοῦν</em></span> <span class='ocrx_word' id='word_1_222' title='bbox 1152 2718 1225 2788; x_wconf 78' lang='grc' dir='ltr'><em>μὴ</em></span> <span class='ocrx_word' id='word_1_223' title='bbox 1248 2723 1459 2787; x_wconf 83' lang='grc' dir='ltr'><em>ἔχοντες</em></span> <span class='ocrx_word' id='word_1_224' title='bbox 1478 2715 1652 2773; x_wconf 69' lang='grc' dir='ltr'><em>πολλοὶ</em></span> <span class='ocrx_word' id='word_1_225' title='bbox 1673 2720 1763 2773; x_wconf 83' lang='grc' dir='ltr'><em>καὶ</em></span> <span class='ocrx_word' id='word_1_226' title='bbox 1780 2739 1875 2788; x_wconf 88' lang='grc' dir='ltr'><em>με-</em></span> 
     </span>
     <span class='ocr_line' id='line_1_33' title="bbox 206 2790 1585 2870; baseline 0.004 -21"><span class='ocrx_word' id='word_1_227' title='bbox 206 2795 347 2864; x_wconf 72' lang='grc' dir='ltr'><em>γάλα</em></span> <span class='ocrx_word' id='word_1_228' title='bbox 368 2803 746 2866; x_wconf 81' lang='grc' dir='ltr'><em>κατορθοῦσιν</em></span> <span class='ocrx_word' id='word_1_229' title='bbox 766 2790 846 2851; x_wconf 69' lang='grc' dir='ltr'><em>οἷν</em></span> <span class='ocrx_word' id='word_1_230' title='bbox 867 2799 1167 2868; x_wconf 75' lang='grc' dir='ltr'><em>πράττουσι</em></span> <span class='ocrx_word' id='word_1_231' title='bbox 1187 2801 1277 2854; x_wconf 83' lang='grc' dir='ltr'><em>καὶ</em></span> <span class='ocrx_word' id='word_1_232' title='bbox 1297 2802 1585 2870; x_wconf 80' lang='grc' dir='ltr'><em>λε’γουσιν;</em></span> 
     </span>
    </p>
   </div>
  </div>
 </body>
</html>
