1994 3100
710 103 1178 155 ΧΑΡΜΙΔΗΣ.
1725 100 1791 154 ll

113 242 254 312 σύνη
276 235 347 295 ἄν
365 246 448 309 εἴη
468 238 662 307 αἰδώς,
696 246 848 307 εἴπερ
867 235 929 293 τὸ
950 237 1054 308 μὲν
1071 234 1294 308 ἀγαθὸν
1312 236 1573 308 τυγχάνει
1591 233 1686 308 ὅν,
1707 241 1797 293 αἰ-
1839 249 1870 290 Β

114 324 221 388 δὼς
241 325 300 378 δὲ
323 320 492 378 οὐδὲν
510 327 725 391 μᾶλλον
749 318 975 391 ἀγαθὰν
991 315 1029 391 ἦ
1047 321 1140 375 καὶ
1158 319 1352 375 κακόν.

252 410 340 461 IX.
405 401 542 460 Ἀλλ’
569 407 750 475 ἔμοιγε
789 406 964 472 δοκεῖ,
1002 405 1108 472 ἔφη
1122 445 1138 472 ,
1186 394 1230 457 ὦ
1266 402 1592 474 Σώκρατες,
1628 409 1792 458 τοῦτο

115 488 215 543 μὲν
251 486 440 556 ὀρθῶς
479 491 740 558 λέγεσθαι
754 508 765 518 ·
807 487 934 542 τόδε
973 487 1030 539 δὲ
1070 488 1267 551 σκέψαι
1292 491 1350 540 τί
1374 502 1462 541 σοι
1482 489 1636 541 δοκεῖ
1651 484 1792 541 εἶναι

114 572 237 641 περὶ
257 570 640 643 σωφροσύνης.
671 568 797 640 ἄρτι
814 566 922 639 γὰρ
942 565 1307 640 ἀνεμνήσθην
1326 565 1359 625 ὂ
1375 567 1481 640 ἤδη
1499 590 1602 624 του
1619 567 1798 641 ἤκου-

115 672 184 709 σα
204 656 488 723 λέγοντος,
529 651 612 708 ὅτι
631 651 971 723 σωφροσύνη
994 647 1103 721 [ἄν]
1127 659 1207 722 εἴη
1229 652 1290 708 τό
1310 651 1376 706 τὰ
1398 653 1599 708 ἑαυτοῦ
1620 650 1797 723 πράτ-

113 758 245 792 τειν.
284 735 478 791 σκόπει
497 728 605 790 οὖν
622 742 785 790 τοῦτο
805 740 854 790 εἰ
870 732 1059 803 ὀρθῶς
1075 753 1163 790 σοι
1176 739 1331 791 δοκεῖ
1347 742 1527 806 λέγειν
1547 733 1576 792 ὁ
1599 739 1791 807 λέγων.

112 822 204 876 καὶ
221 819 356 890 ἐγώ,
388 813 454 874 Ὦ
473 821 661 890 μιαρέ,
693 822 864 890 ἔφην,
897 822 1130 887 Κριτίου
1148 822 1312 874 τοῦδε
1337 816 1582 891 ἀκήκοας
1601 817 1735 875 αὐτὸ
1755 815 1794 890 ἦ

113 904 287 960 ἄλλου
305 924 407 959 του
435 909 548 957 τῶν
580 907 790 971 σοφῶν.
826 901 1075 971 Ἔοικεν,
1114 907 1220 974 ἔφη
1243 900 1272 959 ὁ
1291 908 1547 974 Κριτίας,
1587 901 1789 958 ἄλλου·
1825 916 1857 958 c

116 985 183 1043 οὐ
200 987 309 1058 γὰρ
329 984 396 1057 δὴ
428 988 564 1056 ἐμοῦ
591 1006 670 1055 γε.
722 981 884 1040 'AM-0}
903 1007 954 1040 τι
947 989 1248 1057 ’διαφέρει,
1278 989 1311 1057 ἡ
1335 984 1387 1042 δ’
1406 983 1495 1071 ὅς,
1527 983 1556 1042 ὁ
1576 993 1795 1057 Χαρμί-

26 1097 27 1101 ’
119 1075 238 1142 3ης,
277 1063 322 1125 ῶ
357 1068 681 1167 Σῶκρατες,
721 1066 855 1124 ὅτου
889 1068 1132 1141 ἤκουσας
1201 1067 1411 1140 Οὐδέν,
1452 1072 1526 1140 ἠν
1567 1067 1620 1124 δ’
1659 1067 1792 1140 ἐγώ·

36 1188 38 1190 v
113 1154 334 1218 πάντως
360 1150 469 1224 γὰρ
498 1149 567 1206 ού
594 1158 760 1208 τοῦτο
791 1155 1085 1223 σκεπτέον,
1124 1152 1274 1218 ὅστις
1293 1151 1427 1208 αύτυ
1452 1151 1631 1221 εἶπεν,
1653 1150 1793 1207 ἀλλὰ

24 1301 25 1304 ¹
113 1237 352 1304 πότερον
371 1232 575 1306 ἀληθὲς
592 1234 858 1305 ιῖ.ε’γεται”’ι
822 1258 855 1306 η
878 1233 961 1291 οὔ.
998 1242 1130 1292 Νῦν
1149 1234 1338 1306 ὀρθῶς
1356 1239 1560 1307 λέγεις,
1578 1229 1617 1307 ἦ
1639 1232 1690 1291 δ’
1713 1233 1789 1299 ὅς.

24 1386 25 1392 ¹
120 1317 204 1390 Νὴ
226 1324 364 1389 Δία,
408 1311 558 1389 ἧνδ’
578 1317 712 1387 ἐγώ·
768 1315 882 1374 ἀλλ’
906 1323 956 1374 εἰ
980 1321 1072 1375 καὶ
1100 1317 1412 1392 εὑρήσομεν
1443 1316 1579 1374 αὐτὸ
1601 1315 1712 1391 ὅπῃ
1730 1339 1792 1388 γε

115 1406 248 1473 ἔχει,
284 1399 616 1472 θαυμάζοιμ’
637 1423 733 1456 αν
772 1407 1050 1474 αἰνίγματι
1081 1401 1188 1474 γάρ
1217 1425 1326 1458 τινι
1351 1407 1545 1459 ἔοικεν.
1586 1400 1705 1458 Ὅτι
1726 1398 1792 1472 δὴ

116 1493 171 1542 τί
200 1507 290 1555 γε;
328 1490 451 1557 ἔφη.
509 1483 628 1541 Ὅτι
665 1482 733 1539 ού
773 1485 984 1588 δήπου,
1022 1489 1095 1557 ἠν
1132 1485 1185 1543 δ’
1227 1487 1362 1558 ἐγώ,
1401 1478 1438 1558 ᾗ
1474 1484 1540 1541 τὰ
1579 1485 1792 1557 ῥήματα

30 1602 34 1607 ·
113 1572 450 1639 ἐφθέγξατο,
491 1568 665 1640 ταύτῃ
697 1570 787 1624 καὶ
815 1567 961 1624 ε’νόει
990 1566 1018 1623 ὁ
1040 1572 1219 1639 λέγων
1249 1567 1628 1640 σωφροσύνην
1656 1564 1797 1622 εἶναι
1822 1583 1858 1626 D

113 1651 174 1708 τὸ
214 1649 281 1707 τὰ
320 1650 496 1707 αὑτοῦ
532 1653 810 1721 πράττειν.
860 1648 899 1723 ἦ
936 1650 1008 1707 σύ
1046 1650 1214 1707 οὐδὲν
1250 1649 1379 1723 ἡγεῖ
1407 1649 1668 1722 πράττειν
1694 1649 1795 1706 τὸν

114 1734 555 1806 γραμματιστήν,
607 1756 745 1790 οταν
775 1734 966 1807 γράφῃ
1011 1731 1047 1806 ἢ
1085 1733 1507 1808 ἀναγιγνώσκῃς
1563 1733 1791 1834 ’Ἐγωγῆ

116 1816 353 1891 ἡγοῦμαι
382 1818 486 1890 μὲν
515 1812 651 1886 οὖν,
690 1823 814 1890 ἔφη.
869 1825 1048 1874 Δοκεῖ
1072 1812 1178 1873 οὖν
1207 1835 1295 1874 σοι
1322 1815 1384 1873 τὸ
1416 1814 1595 1873 αὑτοῦ
1617 1816 1794 1888 ὄνομα

113 1902 292 1973 μόνον
326 1901 567 1973 γράφειν
607 1899 637 1956 ὁ
676 1900 1087 1973 γραμματιστὴς
1120 1902 1212 1957 καὶ
1250 1899 1720 1972 ἀναγιγνώσκειν,
1757 1895 1795 1971 ἦ

115 1983 255 2058 ὑμᾶς
270 1985 402 2052 τοὺς
416 1989 614 2051 παῖδας
632 1981 984 2057 διδάσκειν,”
946 2008 980 2057 η
1001 1977 1218 2042 ούδεν
1179 2007 1347 2056 ηττον
1362 1983 1428 2041 τὰ
1446 1991 1560 2041 τῶν
1575 1987 1795 2055 ἐχθρῶν

113 2069 378 2139 ἐγράφετε
406 2092 440 2140 η
419 2064 527 2124 ἰτὰ
555 2066 790 2139 ὑμέτερα
811 2069 902 2124 καὶ
929 2068 997 2124 τὰ
1028 2075 1142 2126 τῶν
1161 2075 1342 2141 φίλων
1362 2068 1634 2141 ὀνόματα;
1676 2066 1797 2124 023-

115 2152 209 2208 δὲν
224 2145 408 2224 ἦττον.
443 2145 627 2208 Ἠοῦν
640 2154 1178 2223 έπολυπραγμονεῑτε
1197 2155 1289 2211 καὶ
1309 2151 1412 2209 ούκ
1428 2154 1796 2223 ἐσωφρονεῖτε

115 2240 277 2291 τοῦτο
318 2238 584 2303 δρῶντεςς
639 2233 923 2306 Οὐδαμῶς.
979 2238 1091 2292 Καὶ
1126 2237 1237 2308 μὴν
1274 2234 1343 2291 ού
1372 2235 1436 2291 τὰ
1469 2233 1706 2307 ὑμέτερά
1730 2255 1794 2305 γε
1833 2252 1867 2293 Ε

112 2317 301 2374 αὐτῶν
320 2318 638 2389 ἐπράττετε,
676 2326 830 2388 εἰπερ
860 2319 922 2374 τὸ
951 2319 1192 2391 γράφειν
1222 2318 1484 2388 πράττειν
1502 2325 1558 2375 τί
1572 2321 1684 2375 ἐστι
1703 2321 1796 2374 καὶ

114 2399 175 2458 τό
197 2400 654 2472 ἀναγιγνώσκειν.
705 2400 867 2459 Ἀλλά
886 2403 1000 2473 μὴν
1018 2405 1182 2458 ἔστιν.
1238 2403 1348 2459 Καὶ
1366 2400 1473 2473 γὰρ
1494 2400 1554 2458 τὸ
1577 2407 1791 2472 ἰᾶσθαι,

22 2493 27 2500 ’
114 2478 161 2540 ῶ
180 2486 355 2553 ἑταῖρε
369 2527 384 2555 ,
422 2486 513 2540 καὶ
534 2483 592 2540 τό
619 2489 932 2556 οἰκοδομεῖν
950 2487 1041 2542 καὶ
1059 2484 1120 2540 τὸ
1143 2483 1406 2556 ὑφαίνειν
1423 2488 1515 2541 καὶ
1532 2483 1594 2541 τό
1615 2483 1793 2559 ᾑτινι-

20 2634 31 2651 k
111 2572 219 2623 οῦν
235 2570 398 2641 τέχνῃ
417 2564 608 2624 ὁτιοῦν
640 2575 752 2624 τῶν
769 2572 959 2640 τέχνης
986 2572 1167 2640 ἔργων
1186 2567 1595 2638 ἀπεργάζεσθαι
1614 2567 1790 2636 πράτ-

112 2670 224 2705 τειν
244 2649 425 2720 δήπου
445 2655 502 2706 τί
515 2652 680 2706 ἐστιν.
735 2650 902 2705 Πάνυ
920 2672 997 2721 γε.
1057 2657 1127 2707 Τι’
1142 2644 1272 2717 οὖν;
1310 2644 1384 2722 ἦν
1408 2647 1460 2705 δ’
1485 2652 1593 2722 ἐγώ
1606 2691 1622 2719 ,
1644 2653 1800 2705 δοκεῖ

112 2730 187 2787 ἄν
206 2749 294 2788 σοι
313 2730 468 2796 πόλις
502 2725 569 2788 εὖ
600 2737 875 2788 οἰκεῖσθαι
897 2730 1006 2790 ὑπὸ
1028 2733 1232 2790 τούτου
1252 2741 1353 2789 τοῦ
1375 2732 1555 2805 νόμου
1575 2739 1678 2789 τοῦ
1698 2754 1793 2788 κε-

0 2875 2 2887 ,
25 2858 28 2861 -
110 2814 368 2881 λεύοντος
396 2813 458 2870 τό
491 2816 693 2871 ἑαυτοῦ
729 2816 947 2888 ἱμάτιον
977 2818 1212 2872 ἕκαστον
1240 2814 1503 2887 ὑφαίνειν
1529 2818 1620 2871 καὶ
1648 2814 1795 2870 πλύ-
