1962 3112
156 123 266 175 382
760 121 1234 168 ΠΛΑΤΩΝΟΣ
1771 127 1842 172 20²

295 261 396 312 ΙΠ.
454 252 610 311 Ἀλλὰ
633 255 734 325 χρὴ
755 265 996 309 σκοπεῖν.

302 343 426 393 ΣΩ.
471 334 610 405 Ὅρα
644 342 862 390 τοίνυν·
914 334 974 389 τὸ
1008 338 1228 406 πρέπον·
1250 328 1357 406 ἆρα
1386 343 1550 392 τοῦτο
1581 341 1827 406 λέγομεν,

45 440 131 489 ⁶294
160 417 191 476 ὃ
221 418 674 490 παραγενόμενον
703 428 852 472 ποιεῖ
877 418 1077 472 ἕκαστα
1107 420 1407 485 φαίνεσθαι
1437 414 1576 472 καλοὶ
1593 415 1825 487 τούτων,

158 498 238 567 οἷς
257 498 329 556 ἂν
348 506 496 572 παρῇ
509 542 524 570 ,
546 496 582 570 ἦ
602 497 634 555 ὃ
654 499 793 554 εἶναι
811 509 979 571 ποιεῖ,
999 494 1035 569 ἦ
1055 495 1314 569 οὐδέτερα
1332 499 1574 566 τούτωνς

299 587 399 638 ΙΠ.
441 581 661 652 ’Έμοιγε
682 583 844 636 δοκεῖ.

300 670 424 720 ΣΩ.
466 663 725 732 Πότερα“
695 686 722 718 ο
745 674 894 719 ποιεῖ
904 667 1203 732 φαίνεσθαι
1221 662 1390 728 καλάς
1411 661 1595 732 ω’σπερ
1610 683 1671 732 γε
1684 664 1839 717 ἐπει-ν

159 747 305 801 δαν
283 746 468 816 ιμοέτιά
486 768 567 811 τις
585 740 777 818 λάβῃ’
748 767 782 815 η
779 742 1173 814 ’ὑποδήματα
1146 743 1514 814 αρμόττοντα,
1546 739 1655 798 κᾶν
1673 737 1710 815 ἧ
1732 765 1828 813 γε·

157 835 322 898 λοΐος,
341 833 583 884 καλλίων
600 834 877 897 φαίνεταις
915 825 1125 881 οὐκοῦν
1141 834 1292 894 εἴπερ
1313 831 1518 881 καλλίω
1537 836 1686 880 ποιεῖ
1698 831 1829 895 φαί-

160 918 360 966 νεσθαι
385 906 418 981 ἢ
438 913 549 964 ἔστι
569 908 630 965 τὸ
652 913 890 979 πρέπον,
932 907 1110 980 ἀπάτη
1132 931 1211 974 τις
1230 905 1302 964 ὅίν
1323 917 1404 979 εἴη
1426 911 1548 977 περὶ
1569 906 1629 963 τὸ
1655 906 1834 962 καλὸν.

158 993 218 1049 τὸ
243 995 481 1063 πρέπον,
521 993 612 1047 καὶ
643 990 745 1046 οὐκ
776 987 850 1046 ἂν
872 999 952 1061 εἴη
980 998 1171 1061 τοῦτο,
1212 988 1244 1045 ὂ
1270 987 1424 1062 ἡμεῖς
1451 994 1742 1061 ζητοῦμεν,
1785 985 1830 1044 ὦ
1855 1016 1858 1019 ·

95 1092 128 1133 Β
150 1073 359 1141 Ἱππίας
394 1072 547 1145 ἡμεῖς
564 1073 672 1144 γάρ
691 1094 802 1129 που
822 1076 997 1129 έκεῖνο
1016 1075 1322 1143 ἐζητοῦμεν,
1341 1065 1388 1145 ᾦ
1407 1071 1586 1126 πάντα
1603 1071 1666 1126 τὰ
1688 1070 1822 1126 καλὰ

157 1157 450 1227 πράγματα
477 1154 618 1210 καλά
647 1158 819 1210 ἐστιν
871 1153 1054 1224 ὥσπερ
1090 1147 1136 1227 ᾦ
1167 1154 1344 1209 πάντα
1372 1153 1438 1208 τὰ
1470 1153 1679 1223 μεγάλα
1715 1155 1822 1208 ἐστὶ

158 1236 393 1308 μεγάλα,
430 1242 509 1310 τῷ
527 1233 876 1333 ὑπερέχοντι·
927 1236 1107 1309 τούτῳ
1130 1234 1237 1306 γὰρ
1259 1236 1439 1290 πάντα
1465 1234 1675 1304 μεγάλα
1696 1237 1822 1302 ἐστί,

156 1315 264 1374 κα“ν
281 1320 354 1390 μὴ
388 1324 676 1389 φαίνηται,
716 1314 953 1388 ὑπερέχῃ
984 1320 1068 1387 δέ,
1109 1317 1321 1388 ἀνάγκη
1355 1315 1541 1380 αὐτοῖς
1570 1317 1826 1387 μεγάλοις

161 1400 325 1456 εἶναι·
381 1398 527 1456 οὕτω
558 1400 652 1470 δή,
692 1401 899 1469 φαμέν,
939 1399 1031 1453 καὶ
1061 1395 1121 1453 τὸ
1157 1397 1360 1468 καλόν,
1402 1389 1447 1470 ᾧ
1477 1395 1616 1452 καλοὶ
1647 1396 1827 1452 πάντα

159 1485 334 1551 ἐστίν,
357 1480 429 1537 ἄν
448 1479 488 1537 τ’
514 1484 620 1537 οὐν
642 1486 901 1550 φαίνηται
920 1479 992 1534 ἄν
1009 1501 1066 1534 τε
1087 1480 1160 1550 μή
1175 1522 1188 1549 ,
1209 1485 1265 1534 τί
1277 1478 1349 1534 ἄν
1369 1489 1478 1551 εἴη·
1465 1522 1479 1546 ,
1517 1478 1576 1534 τὸ
1600 1478 1700 1550 μὲν
1719 1477 1825 1547 γὰρ

159 1566 371 1633 πρέπον
389 1561 491 1618 οὐκ
512 1560 583 1618 ἂν
603 1570 711 1632 εἴη
751 1567 955 1617 καλλίω
976 1584 1081 1631 γαρ
1105 1574 1254 1617 ποιεῖ
1278 1568 1578 1632 φαίνεσθαι
1603 1558 1639 1632 ἢ
1662 1566 1826 1630 ἔστιν,

160 1640 231 1708 ὡς
250 1641 278 1698 ὁ
303 1642 398 1707 σὸς
417 1643 604 1713 λόγος,
626 1641 714 1699 οἶα
737 1641 786 1698 δ’
813 1647 961 1698 ἔστιν
979 1641 1083 1698 οὐκ
1103 1647 1163 1716 ἐᾷ
1184 1649 1501 1714 φαίνεσθαι.
1540 1641 1601 1698 τό
1622 1644 1682 1697 δὲ
1699 1662 1822 1697 ποι-

95 1736 128 1778 G
161 1730 266 1778 οῦν
284 1723 423 1779 εἶναι
442 1724 584 1780 καλά
597 1767 611 1793 ,
651 1722 785 1792 ὅπερ
805 1731 915 1779 νῦν
934 1723 999 1795 δὴ
1022 1724 1204 1795 εἶπον,
1243 1726 1344 1780 ἐάν
1362 1747 1418 1780 τε
1450 1729 1711 1796 φαίνηται.
1728 1724 1826 1779 ἐάν

159 1827 218 1859 τε
236 1805 339 1875 μή,
363 1807 651 1874 πειρατέον
669 1808 852 1875 λέγειν
869 1812 925 1861 τί
937 1808 1049 1861 ἐστι
1063 1827 1074 1837 ·
1121 1811 1284 1861 τοῦτο
1305 1805 1410 1875 γάρ
1432 1811 1726 1877 ζητοῦμεν,
1750 1813 1828 1860 εἷ’-

159 1905 261 1954 περ
280 1886 342 1941 τὸ
367 1885 541 1942 καλὸν
561 1891 842 1958 ζητοῦμεν.

305 1974 405 2023 ΙΠ.
458 1965 619 2023 Ἀλλὰ
650 1965 709 2022 τὸ
741 1970 984 2039 πρέπον,
1026 1963 1069 2023 εὖ
1090 1970 1410 2040 Σώκρατες,
1450 1970 1541 2024 καὶ
1571 1966 1710 2023 εἶναι
1737 1989 1827 2022 και

161 2058 462 2119 φαίνεσθαι
483 2062 626 2104 ποιεῖ
643 2048 782 2105 καλὰ
803 2050 996 2121 παρόν.

300 2138 425 2187 ΣΩ.
458 2130 760 2186 Ἀδύνατον
780 2130 885 2200 ἄρα
898 2137 974 2206 τῷ
994 2130 1113 2186 ὄντι
1127 2133 1265 2187 καλοὶ
1287 2130 1421 2187 ὄντα
1437 2129 1509 2202 μὴ
1525 2137 1823 2200 φαίνεσθαι

159 2211 299 2268 καλοὶ
320 2211 488 2282 εἶναι,
509 2211 782 2281 παρόντος
799 2233 861 2280 γε
879 2218 982 2267 τοῦ
1001 2218 1297 2278 ποιοῦντος
1316 2218 1646 2283 φαίνεσθαι;

299 2299 397 2349 ΙΠ.
445 2291 759 2348 Ἀδύνατον.

298 2379 475 2431 XVIII.
549 2379 671 2429 2352.
723 2372 1177 2444 Ὁμολογήσωμεν
1198 2368 1303 2428 οὖν
1322 2381 1512 2445 τοῦτο,
1553 2368 1824 2442 ὦἸππία,

158 2457 338 2511 πάντα
361 2454 427 2511 τά
445 2462 523 2530 τῷ
542 2454 664 2510 ὄντι
693 2455 832 2511 καλὰ
852 2457 942 2512 καὶ
960 2456 1165 2526 νόμιμα
1196 2457 1286 2509 καὶ
1315 2455 1713 2526 ἐπιτηδεύματα
1735 2456 1825 2509 καὶ

93 2550 127 2592 D
160 2535 485 2602 δοξάζεσθαι
514 2535 656 2592 καλὰ
686 2536 825 2593 εἶναι
852 2539 942 2591 καὶ
972 2542 1271 2607 φαίνεσθαι
1304 2535 1389 2591 ἀεὶ
1417 2543 1612 2606 πᾶσιν,
1650 2532 1686 2606 ἢ
1714 2541 1824 2589 πᾶν

159 2615 489 2672 τούναντίον
508 2616 832 2686 αγνοεῖσθαι
852 2619 942 2672 καὶ
968 2638 1192 2673 παντων
1221 2609 1503 2688 μαλιστα”
1473 2639 1590 2687 εριν
1608 2617 1698 2671 καὶ
1717 2638 1823 2685 μα-

157 2721 260 2769 χην
290 2699 415 2768 περὶ
444 2695 631 2753 αὐτων
660 2697 797 2753 εἶναι
827 2700 914 2753 καὶ
945 2702 1056 2753 ιδία
1077 2699 1323 2763 ἕκαστοις
1343 2699 1430 2752 καὶ
1452 2701 1684 2770 δημοσία
1703 2708 1817 2760 ταῖς

155 2779 407 2837 πόλεσιν·
393 2822 409 2849 ,
