2020 3094
43 0 300 27 ‘'ff-'⁷⁴''⁴¹’'‘:‘'h'
334 0 492 17 1·*⁸'·!⁷'
510 0 705 21 ’ῆ”“·Ἶ’”““5”
733 0 744 8 ”
770 0 812 14 ““·
847 0 878 11 ⁷³

793 45 1068 139 ΛΥΣΙΣ.
1703 87 1772 139 83

98 228 391 298 οὐδέτερα;
419 224 693 296 Ἀγαθόν,
730 228 852 295 ἔφη.
901 221 1190 294 Ἐλέγομεν
1220 219 1272 278 δ’
1297 221 1432 294 ἄρα,
1471 220 1545 288 ὥς
1576 226 1772 291 ἔοικεν,
1800 234 1890 279 ‘219

98 311 183 367 ὅτι
203 308 264 366 τὸ
294 314 478 379 σῶμα,
517 305 645 361 οὔτε
675 303 895 375 ἀγαθὸν
925 303 1054 360 οὔτε
1084 304 1286 375 κακόν,
1322 303 1410 360 διὰ
1442 302 1546 376 τὴν
1582 304 1772 373 νόσον,

102 399 264 449 τοῦτο
286 391 343 447 δὲ
362 388 452 446 διὰ
474 389 534 444 τὸ
558 387 750 458 κακόν,
773 393 868 457 τῆς
889 391 1135 457 ἰατρικῆς
1155 391 1321 456 φίλον
1340 389 1489 442 ἐστίν
1503 405 1514 417 ·
1553 382 1775 454 ἀγαθὸν

100 475 159 531 δὲ
191 471 430 543 ἰατρική·
476 473 638 526 ἕνεκα
664 470 723 525 δὲ
755 474 850 539 τῆς
889 465 1097 538 ὑγιείας
1123 466 1227 538 τὴν
1265 473 1457 537 φιλίαν
1486 463 1519 539 ἡ
1559 466 1772 537 ἰατρικὴ

102 555 459 627 ἐπανῄρηται·
497 550 531 622 ἡ
555 551 613 607 δὲ
633 550 811 621 ὑγίεια
832 547 1069 619 ἀγαθόν.
1109 542 1144 619 ἦ
1163 548 1299 619 γάρς
1338 553 1466 604 Ναί.
1524 554 1698 605 Φίλον
1717 547 1778 604 δὲ

105 633 137 708 ἦ
165 635 229 692 ov'
250 631 468 706 φίλονὴ
490 631 696 703 ὑγίεια;
735 636 925 687 Φίλον.
975 628 1044 685 Ἡ
1061 629 1118 686 δὲ
1153 630 1315 695 νόσος
1334 630 1553 700 ἐχθρόν.
1608 630 1778 686 Πάνυ

99 741 177 789 γε.
222 716 295 773 Τὰ
318 715 448 771 οὔτε
467 714 643 768 κακὸν
673 711 800 767 οὔτε
832 709 1053 782 ἀγαθὸν
1074 710 1182 779 ἄρα
1214 709 1304 766 διὰ
1329 710 1388 767 τὸ
1411 710 1587 767 κακὸν
1604 712 1692 767 καὶ
1714 711 1775 768 τὸ

98 796 306 871 ἐχθρὸν
336 802 438 853 τοῦ
465 794 692 866 ἀγαθοῦ
722 799 888 865 φίλον
916 794 1063 848 ἐστὶν
1094 793 1254 847 ἕνεκα
1284 798 1384 847 τοῦ
1422 791 1645 862 ἀγαθοῦ
1681 795 1774 851 καὶ
1804 810 1838 851 Β

99 888 283 952 φίλου.
338 884 615 934 Φαίνεται.
657 873 831 931 ”Ενεκ’
863 873 970 944 ἄρα
998 880 1101 929 τοῦ
1140 879 1308 945 φίλου
1335 872 1396 930 τὸ
1433 880 1600 944 φίλον
1639 881 1778 932 *τοῦ

100 967 306 1035 φίλου*
324 966 490 1031 φίλον
509 956 599 1013 διὰ
620 956 680 1013 τὸ
703 956 926 1028 ἐχθρόν.
950 955 1181 1012 ’Έοικεν

238 1048 374 1100 xvl.
448 1039 607 1108 Εἶεν,
644 1033 713 1110 ἦν
734 1037 785 1094 δ’
808 1037 930 1109 ἐγώ.
988 1037 1174 1109 ἐπειδὴ
1194 1041 1440 1094 ἐνταῦθα
1459 1038 1696 1112 ἥκομεν,
1736 1033 1780 1094 οἶ

98 1129 312 1192 παῖδες,
326 1122 436 1191 πρό
441 1139 691 1192 σσχωμεν
711 1120 811 1176 τόν
829 1125 971 1175 νοῦν
990 1117 1063 1190 μὴ
1084 1122 1531 1192 ἐξαπατηθῶμεν.
1572 1120 1657 1176 ὅτι
1675 1120 1777 1193 μὲν

100 1206 205 1280 γὰρ
226 1212 391 1278 φίλον
408 1211 511 1261 τοῦ
530 1210 699 1275 φίλου
721 1201 781 1259 τὸ
812 1207 981 1274 φίλον
1013 1203 1271 1272 γέγονεν,
1315 1205 1386 1258 ἐῶ
1413 1207 1650 1275 χαίρειν,
1689 1205 1780 1260 καὶ

100 1295 200 1346 τοῦ
230 1286 427 1359 ὁμοίου
454 1308 517 1357 γε
544 1285 607 1341 τὸ
629 1283 826 1355 ὅμοιον
846 1290 1013 1354 φίλον
1031 1289 1307 1355 γίγνεται,
1346 1282 1380 1340 ὃ
1407 1289 1620 1356 ἔφαμεν
1636 1283 1781 1341 ἀδύ-

105 1392 272 1428 νατον
300 1367 466 1424 εἶναι·
506 1364 621 1422 ἀλλ’
644 1365 792 1437 ὅμως
819 1366 947 1421 τόδε
976 1366 1342 1436 σκεψώμεθα,
1383 1368 1457 1437 μὴ
1486 1364 1628 1438 ἡμᾶς
1657 1369 1781 1434 ἐξα-

101 1451 318 1523 πατήσῃ
338 1448 400 1505 τό
424 1455 534 1505 νῦν
555 1448 876 1519 λεγόμενον.
913 1445 947 1519 ἡ
971 1447 1213 1519 ἰατρική,
1254 1453 1466 1520 φαμέν,
1502 1449 1664 1505 ἕνεκα
1683 1457 1779 1522 τῆς
1810 1464 1841 1507 C

103 1532 311 1605 ὑγιείας
329 1535 511 1602 φίλον.
570 1536 697 1586 Ναί.
758 1528 989 1585 Οὐκοῦν
1009 1528 1151 1600 καὶὴ
1175 1528 1355 1599 ὑγίεια
1379 1535 1577 1600 φίλον;
1613 1531 1782 1587 Πάνυ

102 1638 179 1688 γε.
231 1619 304 1670 Εἰ
328 1613 438 1683 ἄρα
458 1618 651 1684 φίλον,
689 1612 851 1668 ἕνεκά
870 1635 984 1668 του.
1040 1618 1167 1668 Ναί.
1229 1618 1405 1669 Φίλου
1433 1617 1497 1683 γε’
1523 1635 1673 1679 τινος
1692 1614 1782 1686 δή,

105 1706 257 1767 εἰπερ
277 1693 653 1766 ἀκολουθήσει
670 1701 737 1767 τῇ
754 1693 1010 1764 πρόσθεν
1023 1692 1304 1767 ὁμολογίᾳ.
1324 1695 1492 1750 Πάνυ
1509 1717 1587 1766 γε.
1629 1696 1783 1752 Οὐκ-

104 1786 210 1835 οῦν
239 1780 331 1834 καὶ
360 1780 535 1833 ἐκεῖνο
566 1783 734 1846 φίλον
773 1770 846 1831 αὖ
883 1781 1033 1832 ἔσται
1064 1778 1228 1833 ἕνεκα
1267 1782 1459 1847 φίλου;
1494 1782 1624 1833 Ναί.
1673 1771 1781 1848 Ἆρ’

104 1854 211 1917 οὖν
228 1858 332 1915 οὐκ
353 1857 568 1930 ἀνάγκη
590 1857 843 1914 ἀπειπεῖν
864 1855 1004 1929 ἡμᾶς
1024 1857 1200 1923 οὕτως
1220 1858 1432 1930 ἰόντας,
1466 1859 1557 1915 καὶ
1585 1856 1784 1931 ἀφικέ-

105 1950 239 1999 σθαι
268 1943 361 1997 ἐπί
381 1963 504 1995 τινα
534 1938 736 2011 ἀρχήν,
782 1937 819 2010 ἢ
839 1938 1008 1996 οὐκέτ’
1034 1942 1311 1996 ἐπανοίσει
1338 1939 1419 1997 ἐπ’
1439 1940 1576 1999 ἄλλο
1597 1947 1782 2013 φίλον,

105 2022 221 2080 ἀλλ’
242 2022 358 2095 ἥξει
396 2021 473 2079 ἐπ’
497 2020 675 2078 ἐκεῖνο
709 2021 742 2078 ὅ
772 2020 888 2078 ἐστι
917 2029 1141 2091 πρῶτον
1170 2028 1364 2094 φίλον,
1403 2017 1474 2079 οὗ
1501 2025 1665 2081 ἕνεκα
1693 2027 1784 2081 καὶ

20 2135 21 2138 “
107 2104 171 2161 τὰ
191 2105 328 2161 ἄλλα
347 2105 530 2176 φαμὲν
546 2104 725 2159 πάντα
743 2110 876 2174 φίλα
896 2102 1058 2168 εἷναι;
1075 2103 1328 2177 Ἀνάγκη.
1357 2111 1533 2162 Τοῦτο
1555 2106 1622 2178 δή
1636 2106 1785 2164 ἔστιν
1819 2133 1853 2173 ι)

107 2185 140 2244 ὃ
159 2189 326 2257 λέγω,
357 2185 431 2258 μὴ
463 2183 603 2257 ἡμᾶς
621 2183 687 2241 τὰ
708 2185 846 2241 ἄλλα
868 2185 1048 2240 πάντα
1071 2183 1107 2241 ἃ
1136 2194 1362 2257 εἴπομεν
1382 2189 1601 2244 ἐκείνου
1621 2190 1784 2246 ἕνεκα

107 2275 240 2340 φίλα
260 2265 397 2323 εἶναι
411 2309 426 2334 ,
470 2265 655 2334 ὥσπερ
674 2270 873 2323 εἴδωλα
894 2266 1029 2322 ἅττα
1049 2265 1183 2323 ὅντα
1206 2267 1412 2339 αὐτοῦ,
1451 2273 1715 2345 ἐξαπατᾷ,
1746 2266 1785 2345 ᾗ

107 2350 159 2408 δ’
182 2348 363 2407 ἐκεῖνο
382 2347 444 2404 τὸ
468 2356 690 2419 πρῶτον
703 2391 717 2416 ,
739 2346 770 2404 ὂ
791 2346 863 2414 ὡς
882 2346 1109 2420 ἀληθῶς
1128 2347 1242 2406 ἐστὶ
1260 2356 1441 2421 φίλον.
1501 2349 1785 2424 ἐννοήσω-

107 2454 211 2506 μεν
229 2432 336 2503 γὰρ
356 2429 566 2487 οὑτωσί
574 2453 586 2464 ·
622 2429 654 2485 ὃ
671 2429 743 2485 ἄν
760 2436 839 2495 τίς
856 2453 907 2486 τι
927 2433 1050 2500 περὶ
1070 2439 1283 2488 πολλοῦ
1298 2439 1535 2505 ποιῆται,
1558 2430 1784 2507 οἷόνπερ

109 2514 281 2574 ἐνίοτε
317 2512 496 2584 πατὴρ
535 2512 663 2568 υίὸν
701 2511 822 2567 ἀντὶ
861 2513 1086 2568 πάντων
1114 2520 1226 2569 τῶν
1266 2512 1455 2570 ἄλλων
1488 2517 1786 2588 χρημάτων

111 2602 377 2669 προτιμᾷ,
417 2593 445 2652 ὁ
478 2594 544 2665 δὴ
577 2602 826 2660 τοιοῦτος
845 2595 1006 2651 ἕνεκα
1036 2602 1137 2651 τοῦ
1163 2593 1263 2651 τὸν
1284 2594 1411 2651 υίὸν
1434 2598 1558 2667 περὶ
1580 2598 1786 2665 παντὸς

110 2675 365 2749 ἡγεῖσθαι
385 2670 493 2745 ἆρα
511 2679 600 2732 καὶ
618 2676 752 2732 ἄλλο
772 2699 823 2732 τι
855 2673 925 2732 ἄν
945 2680 1069 2747 περὶ
1086 2683 1296 2733 πολλοῦ
1318 2690 1557 2747 ποιοττος
1595 2675 1717 2736 οἷον
1738 2684 1789 2736 εί
1840 2710 1872 2750 g

111 2760 436 2816 αίσθάνοιτο
458 2757 632 2815 αὐτὸν
662 2759 898 2815 κώνειον
927 2759 1245 2831 πεπωκότα,
1282 2754 1389 2829 ἀρα
1419 2762 1543 2830 περὶ
1573 2766 1786 2818 πολλοῦ

1464 2861 1530 2911 6*
