2020 3094
303 148 372 199 98
414 208 424 211 ς
892 145 1383 194 ΠΛΑΤΩΝΟΣ-
1927 0 2020 261 ιοῙ

306 286 493 352 ἔχουσι
515 286 798 352 κείμενον,
844 280 931 335 ἐπὶ
958 284 1034 351 τῷ
1063 298 1123 334 τε
1151 276 1319 332 εἰδότι
1348 278 1439 333 καὶ
1457 278 1545 333 ἐπὶ
1563 283 1639 350 τῷ
1659 276 1761 348 μή·
1798 294 1977 344 παρα·
2015 263 2020 271 ’

306 362 541 435 πλήσιον
559 362 617 419 δε
636 363 813 436 τούτῳ
843 363 935 417 καὶ
961 359 1021 416 τό
1045 363 1106 416 ἐν
1123 364 1201 431 τῷ
1223 360 1506 432 δευτέρω’
1481 358 1813 430 ερωτήματι,
1851 358 1912 412 ἐν
1932 348 1979 428 ᾦ

244 454 274 494 Β
304 445 538 517 ἥρω’των
558 461 638 514 σε,
658 444 862 513 πότερα
882 441 1274 514 μανθάνουσιν
1289 443 1346 496 οἰ
1360 440 1653 511 άνθρωποι
1668 437 1702 494 ἁ
1694 439 1980 496 ἐπίσταν-

306 550 412 599 ται,
432 523 468 597 η’
489 525 524 582 ὁὶ
542 526 631 598 μή.
652 533 823 582 ταῦτα
843 524 909 596 δὴ
927 531 1040 580 τῶν
1058 523 1403 594 μαθημάτων
1421 523 1610 578 παιδιά
1625 525 1759 577 ἐστι·
1783 518 1866 576 διὸ
1888 523 1984 574 καί

308 632 447 681 φημι
466 609 575 680 ἐγω
605 628 693 664 σοι
720 607 952 672 τούτους
981 610 1359 677 προσπαίζειν
1401 603 1630 660 παιδιάν
1649 603 1707 659 δε
1728 606 1868 672 λέγω
1890 599 1979 656 διά

307 699 505 761 ταῦτα,
546 690 659 761 ὅτι,
699 695 749 746 εἰ
766 691 856 745 καὶ
876 688 1051 744 πολλά
1071 711 1149 752 τις
1169 685 1203 759 ὴ
1198 686 1318 744 καὶ
1340 688 1519 744 πάντα
1539 686 1605 742 τὰ
1629 693 1854 741 τοιαῦτα
1873 681 1982 754 μά-
2016 731 2020 748 ;

307 783 435 845 θοι,
471 771 537 829 τά
569 773 670 845 μὲν
698 773 988 842 πράγματα
1018 768 1184 825 οὐδὲν
1212 767 1284 826 ἀν
1314 778 1525 841 μᾶλλον
1555 773 1719 839 εἰδείη
1750 773 1825 839 πῇ
1855 771 1980 836 ἔχει,
2008 754 2020 830 ἦ

309 860 666 928 προσπαίζειν
686 855 745 910 δὲ
765 853 879 918 οἷός
897 852 948 908 τ’
971 849 1043 907 ἂν
1063 860 1144 923 εἴη
1163 864 1275 916 τοῖς
1301 851 1623 922 ἀνθρώποις
1643 849 1730 905 διά
1751 847 1852 919 τὴν
1872 853 1982 902 τῶν
2007 918 2011 919 ⁷

309 937 601 1010 ὀνομάτων
620 934 899 1008 διαφοράν
918 933 1296 1000 ὑποσκελίζων
1315 935 1404 988 καὶ
1422 932 1772 1001 ἀνατρέπων,
1798 930 1979 999 ὥσπερ

248 1035 278 1076 C
311 1025 369 1078 oc
383 1020 450 1077 τὰ
471 1020 780 1090 σκολύθρια
798 1026 912 1074 τῶν
931 1017 1244 1089 μελλόντων
1263 1016 1662 1086 καθιζήσεσθαι
1681 1011 1983 1068 ὑποσπῶν-

310 1126 398 1168 τες
416 1108 666 1173 χαίρουσι
685 1102 776 1156 καὶ
795 1105 1057 1170 γελωσιν,
1095 1097 1319 1154 ἐπειδάν
1349 1102 1542 1154 ἴδωσιν
1566 1096 1766 1152 ὕπτιον
1786 1093 1982 1152 ἀνατε-

311 1187 638 1256 τραμμένον.
677 1191 848 1238 ταῦτα
878 1181 979 1253 μὲν
1011 1175 1118 1236 οὖν
1146 1197 1233 1235 σοι
1251 1177 1399 1250 παρὰ
1419 1179 1634 1234 τούτων
1652 1177 1836 1248 νόμιζε
1856 1196 1983 1231 παι-

315 1269 442 1324 διάν
446 1267 778 1368 γεγονέναι·
822 1262 883 1320 τὸ
906 1267 963 1319 δε
982 1261 1115 1334 μετὰ
1135 1269 1305 1318 ταῦτα
1326 1260 1534 1332 δῆλον
1513 1260 1597 1317 ότι
1610 1261 1789 1316 τούτω
1810 1260 1879 1329 γέ
1897 1275 1984 1313 σοι
2002 1267 2020 1306 ἐ

315 1349 464 1406 αὐτω
484 1349 550 1405 τὰ
571 1352 844 1404 σπουδαῖα
863 1349 1214 1411 ἐνδείξεσθον
1227 1388 1241 1416 ,
1264 1347 1354 1400 καὶ
1374 1343 1477 1414 ἐγω
1505 1342 1860 1443 ὑφηγήσομαι
1880 1339 2001 1396 αὐ·-
2008 1334 2020 1417 ἦ

310 1446 430 1490 τοῖν
450 1433 486 1488 ἅ
504 1455 597 1503 μοι
608 1429 910 1500 ὑπέσχοντο
925 1427 1248 1484 ἀποδώσειν.
1271 1429 1480 1498 ἐφάτην
1490 1425 1596 1496 γὰρ
1610 1428 1980 1489 ἐπιδείξασθαι

310 1514 414 1587 τὴν
445 1511 849 1586 προτρεπτικὴν
878 1516 1106 1583 σοφίαν
1148 1517 1257 1566 νῦν
1274 1512 1358 1580 δέ,
1395 1531 1488 1580 μοι
1508 1513 1682 1578 δοκεῖ,
1722 1504 1985 1581 ωηθήτην
2012 1563 2020 1577 Α,

312 1599 587 1670 πρότερον
617 1600 732 1652 δεῖν
763 1606 954 1650 παῖσαι
984 1591 1123 1666 πρὸς
1153 1594 1227 1647 σε’.
1267 1597 1439 1647 ταῦτα
1459 1613 1559 1662 μεν
1577 1612 1701 1659 ουν,
1726 1592 1768 1643 ὠ
1788 1586 2020 1644 Εὐθύ-ἓ,

253 1691 286 1730 D
317 1681 459 1751 δημέ
479 1701 537 1735 τε
566 1681 657 1734 καὶ
677 1677 1101 1747 Διονυσόδωρε,
1140 1679 1431 1731 πεπαίσθω
1461 1695 1519 1729 τε
1547 1671 1707 1744 ὑμῖν,
1745 1672 1836 1726 καὶ
1857 1678 1986 1735 ἴσως
2011 1672 2020 1734 ,ἕ

315 1765 518 1827 ἱκανῶς
536 1765 664 1831 ἔχει·
686 1758 747 1816 τὸ
770 1761 828 1816 δὲ
845 1759 910 1830 δὴ
928 1757 1060 1829 μετὰ
1077 1764 1249 1813 ταῦτα
1266 1759 1599 1823 ἐπιδείξατον
1616 1755 1985 1823 προτρέποντε
2008 1789 2014 1798 ,

315 1843 375 1899 τὸ
397 1842 710 1914 μειράκιον,
743 1840 892 1906 όπως
910 1838 1009 1911 χρὴ
1032 1844 1229 1910 σοφίας
1250 1861 1307 1894 τε
1325 1836 1469 1895 καὶ’
1435 1845 1630 1910 αρετῆς
1651 1840 1985 1936 ἐπιμεληθῆ-

317 1949 424 1982 ναι.
462 1925 736 1997 πρότερον
765 1921 817 1979 δ’
851 1923 956 1993 ἐγω
989 1928 1150 1996 σφῷν
1169 1924 1564 1992 ἐνδείξομαι,ο
1536 1914 1656 1975 ἶοον
1686 1916 1819 1973 αὐτὸ
1843 1915 2006 1973 ὑπο-ψ

317 2007 581 2080 λαμβάνω
601 2011 691 2063 καὶ
712 2009 834 2063 οἴου
855 2004 1029 2061 αὐτοῦ
1048 2008 1300 2075 ἐπιθυμω
1321 2003 1579 2059 ἀκοῦσαι·
1601 2000 1699 2057 ἐάν
1718 1995 1824 2056 οὖν
1845 2000 1985 2065 δόξω

315 2091 447 2162 ὑμῖν
465 2093 753 2154 ἰδιωτικως
770 2110 827 2143 τε
847 2090 938 2143 καὶ
958 2091 1182 2184 γελοίως
1199 2084 1333 2142 αὐτὸ
1356 2098 1561 2155 ποιεῖν,
1598 2083 1673 2155 μή
1692 2105 1800 2154 μου
1819 2104 1988 2137 κατα-

315 2179 537 2244 γελᾶτε·
575 2170 682 2228 ὑπὸ
718 2176 1034 2243 προθυμίας
1069 2169 1175 2240 γὰρ
1204 2175 1307 2224 τοῦ
1339 2167 1575 2224 ἀκοῦσαι
1606 2189 1700 2266 της
1726 2163 1989 2236 ὑμετέρας

252 2272 284 2311 Ε
317 2260 515 2327 σοφίας
545 2255 795 2326 τολμήσω
834 2251 1332 2323 ἀπαυτοσχεδιάσαι
1358 2255 1611 2306 ἐναντίον
1637 2246 1808 2319 ὑμων.
1848 2246 1988 2303 ἀνά-

319 2345 560 2408 σχεσθον
582 2340 686 2393 οὐν
717 2335 972 2407 ἀγελαστὶ
1000 2333 1299 2398 ἀκουοντες
1317 2332 1481 2388 αὐτοί
1491 2354 1548 2388 τε
1568 2332 1658 2387 καὶ
1677 2333 1733 2385 οἰ
1748 2332 1988 2400 μαθηταὶ

318 2418 504 2490 ὑμων·
526 2417 597 2475 σὺ
619 2422 683 2475 δέ
698 2442 817 2490 μοι,
841 2441 882 2473 ω
906 2428 1008 2472 παῖ
1015 2415 1285 2487 Ἀξιόχου,
1311 2413 1623 2484 ἀπόκριναι.

459 2507 588 2558 V111.
634 2495 765 2569 Ἀρά
783 2522 846 2571 γε
862 2499 1062 2564 πάντες
1079 2497 1373 2566 άνθρωποι
1388 2495 1709 2568 βουλόμεθα
1729 2515 1793 2549 ευ
1812 2494 1990 2562 πράτ-

320 2604 458 2647 τεινς
494 2578 529 2652 ἢ
561 2589 724 2637 τοῦτο
745 2604 847 2679 μέν
867 2581 1118 2651 ἐρώτημα
1141 2602 1221 2634 ων
1240 2586 1347 2633 νῦν
1367 2578 1431 2649 δὴ
1453 2576 1775 2648 ἐφοβούμην
1794 2578 1855 2630 ἓν
1873 2595 1999 2630 των

319 2664 768 2735 καταγελάστων;
787 2662 1026 2733 ἀνόητον
1040 2661 1146 2731 γὰρ
1169 2662 1348 2732 δήπου
1367 2663 1458 2716 καὶ
1474 2657 1535 2714 τὸ
1557 2661 1767 2731 ἐρωτᾶν
1785 2656 1851 2713 τὰ
1871 2680 1985 2713 τοι-

320 2754 462 2803 αὕτα
477 2768 488 2779 ·
526 2752 606 2812 τίς
639 2745 746 2818 γὰρ
777 2744 845 2801 οὐ
885 2746 1143 2816 βούλεται
1181 2739 1246 2799 εὖ
1284 2743 1565 2811 πράττειν;
1607 2738 1803 2805 Οὐδεὶς
1839 2739 2006 2803 ὅστιςῖ

207 2844 292 2891 279
321 2827 453 2901 οὔκ,
476 2834 580 2901 ἔφη
603 2826 631 2884 ὁ
650 2833 921 2892 Κλεινίας.
979 2825 1137 2896 Εἶεν,
1155 2820 1226 2895 ἦν
1248 2823 1301 2880 δ’
1323 2823 1429 2895 ἐγώ
1444 2845 1454 2855 ·
1478 2822 1537 2878 τὸ
1562 2821 1628 2895 δὴ
1649 2820 1782 2894 μετά
1802 2828 1986 2889 τοῦτο,
2007 2829 2020 2909 3
