2020 3094
154 115 222 166 60
770 116 1249 166 ΠΛΑΤΩΝΟΣ

41 266 125 311 199
157 272 296 319 μενα
313 271 323 280 ·
345 252 435 305 καὶ
456 248 484 304 ὁ
506 268 676 320 νσμος
696 247 842 304 οὕτω
861 251 1068 322 τάττει,
1109 248 1181 321 μὴ
1203 248 1304 305 τὸν
1323 251 1522 322 μάντιν
1541 258 1641 308 τοῦ
1662 271 1830 322 στρα-

154 337 326 402 τηγοῦ
347 329 564 401 ἄρχειν,
605 328 742 386 ἀλλὰ
772 328 874 386 τὸν
904 329 1215 402 στρατηγὸν
1233 338 1332 386 τοῦ
1348 333 1608 403 μάντεως.
1650 335 1824 404 φήσο-

154 434 258 484 μεν
275 419 474 481 ταῦτα,
498 406 539 467 ὦ
559 413 770 483 Λάχης;

293 500 411 549 ΛΑ.
469 492 740 564 Φήσομεν.

300 580 422 630 Σῼ.
486 581 555 630 Τί
580 579 664 640 δέ;
702 574 772 630 σύ
802 573 959 647 ἡμῖν,
1001 569 1046 629 ῶ
1073 581 1269 646 Νικιά,
1309 575 1525 648 ξύμφῃς
1561 578 1687 644 περὶι
1719 582 1830 631 τῶν

160 654 346 712 αὐτῶν
374 654 479 726 τὴν
508 655 684 727 αὐτὴν
714 658 1018 728 ἐπιστήμην
1049 658 1139 712 καὶ
1168 659 1445 728 ἐσομένων
1465 660 1556 712 καὶ
1575 658 1828 728 γιγνομέ-

154 758 272 792 νων
289 739 380 792 καὶ
397 737 709 808 γεγονότων
728 740 966 803 ἐπαΐειν;

297 825 392 876 NI
391 863 400 873 .
436 818 648 890 ’Έγωγε
664 842 675 852 ·
698 824 854 876 δοκεῖ
865 821 972 890 γάρ
993 843 1085 891 μοι
1102 820 1302 892 οὕτως,
1325 815 1369 877 ῶ
1386 822 1696 893 Σώκρατες.

300 906 424 956 ΣΩ.
487 899 744 973 Οὐκοῦν,
780 895 822 956 ῶ
844 901 1058 973 ἄριστε,
1088 904 1179 958 καὶ
1197 902 1233 973 ἡ
1252 901 1479 972 ἀνδρεία
1498 909 1611 958 τῶν
1631 906 1831 957 δεινῶν

90 993 123 1035 Β
155 982 421 1053 ἐπιστήμη
442 984 553 1038 ἐστὶ
572 984 662 1038 καὶ
681 987 1030 1054 θαρραλέων,
1054 981 1125 1048 ῶς
1145 985 1280 1056 φῄς·
1302 978 1339 1055 ἦ
1356 985 1488 1055 γάρ;

300 1070 403 1120 ΝῙ.
459 1069 588 1119 Ναί.

300 1151 424 1201 ΣΩ.
483 1147 563 1201 Τὰ
595 1146 653 1202 δὲ
683 1146 839 1201 δεινοὶ
868 1144 1212 1217 ὡμολόγηται
1241 1148 1331 1202 καὶ
1359 1144 1426 1201 τά
1454 1150 1737 1216 θαρραλέοι
1765 1145 1830 1202 τὰ
1890 1201 1893 1203 ,

159 1230 258 1299 μὲν
278 1230 550 1299 μέλλοντα
570 1227 782 1299 ἀγαθοὶ,
804 1226 870 1284 τὰ
891 1229 949 1284 δὲ
969 1231 1238 1299 μέλλοντα
1257 1228 1400 1284 κακοὶ
1421 1226 1572 1284 εἶναι.

300 1315 401 1365 NI.
458 1309 626 1365 Πάνυ
644 1333 722 1380 γε.
1039 1366 1047 1378 ‚

300 1397 423 1448 ΣΩ.
472 1392 541 1447 ‘H
555 1394 619 1447 δέ
632 1390 688 1461 γ’
712 1389 852 1463 αὐτὴ
873 1393 1135 1464 ἐπιστήμη
1159 1399 1272 1447 τῶν
1287 1389 1473 1447 αὐτῶν
1492 1394 1581 1447 καὶ
1601 1391 1832 1462 μελλόν-

161 1495 275 1528 των
294 1475 384 1529 καὶ
404 1473 622 1538 πάντως
642 1474 882 1544 ἐχόντων
902 1473 1056 1529 εἶναι.

300 1561 402 1611 ΝῙ.
442 1553 593 1610 ’Ἐστι
612 1560 796 1610 ταῦτα.

303 1645 428 1695 ΣΩ.
490 1637 574 1694 Οὐ
607 1638 785 1708 μόνον
812 1636 920 1707 ἄρα
951 1645 1063 1692 τῶν
1091 1641 1291 1692 δεινῶν
1323 1639 1412 1693 καὶ
1443 1637 1772 1705 θαρραλέων
1799 1634 1832 1706 ἡ

164 1719 392 1789 ἀνδρεία
419 1720 683 1790 ἐπιστήμη
714 1721 884 1773 ἐστίν·
930 1717 999 1773 οὐ
1023 1716 1129 1787 γὰρ
1160 1719 1478 1788 μελλόντων
1506 1717 1681 1788 μόνον
1712 1720 1835 1787 πέρι

163 1807 277 1856 τῶν
305 1799 542 1871 ἀγαθῶν
571 1823 627 1855 τε
658 1801 750 1856 καὶ
778 1808 968 1855 κακῶν
987 1804 1185 1870 ἐπαΐει,
1225 1799 1362 1855 ἀλλὰ
1383 1802 1473 1856 καὶ
1491 1804 1835 1871 γιγνομένων

99 1904 130 1946 c
162 1888 254 1941 καὶ
271 1884 588 1956 γεγονότων
607 1887 696 1940 καὶ
714 1883 933 1948 πάντως
953 1883 1217 1954 ἐχόντων,
1252 1881 1435 1951 ῶσπερ
1457 1886 1515 1937 αἱ
1533 1881 1693 1937 ἄλλαι
1715 1886 1828 1937 ἐπι-

165 1972 378 2037 στῆμαι.

303 2054 407 2104 NI.
447 2047 632 2103 ''Eotue'
647 2069 723 2117 γε.

304 2135 486 2184 XXIX.
557 2134 680 2184 ΣΩ.
737 2132 928 2193 Μέρος
957 2127 1065 2198 ἄρα
1094 2126 1351 2198 ἀνδρείας
1377 2125 1534 2199 ἡμῖν,
1574 2122 1620 2183 ῶ
1648 2134 1834 2199 Νικία,

163 2209 442 2280 ἀπεκρίνω
473 2211 671 2280 σχεδόν
700 2233 750 2265 τι
766 2216 952 2279 τρίτον
966 2234 977 2245 ·
1018 2218 1194 2266 καίτοι
1210 2207 1363 2281 ἡμεῖς
1382 2207 1683 2281 ἠρωτῶμεν
1701 2209 1837 2280 ὅλην

167 2289 430 2361 ἀνδρείαν
450 2290 484 2346 ὅ
500 2314 552 2346 τι
573 2299 669 2362 εἴη.
699 2294 790 2347 καὶ
811 2299 920 2347 νῦν
940 2292 1033 2363 δή,
1059 2290 1132 2357 ῶς
1151 2296 1321 2363 ἔοικε,
1343 2291 1480 2347 κατὰ
1500 2290 1599 2347 τὸν
1618 2290 1720 2347 σὸν
1739 2293 1837 2347 λό-

164 2394 268 2442 γον
298 2369 365 2426 οὐ
396 2372 573 2442 μόνον
606 2377 806 2429 δεινῶν
833 2396 890 2429 τε
920 2377 1010 2430 καὶ
1037 2377 1368 2444 θαρραλέων
1396 2375 1660 2445 ἐπιστήμη
1680 2371 1714 2445 ἡ
1735 2370 1837 2427 ἀν-

168 2457 321 2520 δρεία
344 2455 506 2522 ἐστίν,
531 2452 670 2509 ἀλλά
691 2454 886 2525 σχεδόν
905 2478 955 2510 τι
975 2454 1008 2526 ἡ
1029 2458 1151 2523 περὶ
1171 2455 1396 2510 πάντων
1416 2452 1650 2524 ἀγαθῶν
1667 2475 1724 2509 τε
1746 2455 1837 2508 καὶ

167 2541 357 2590 κακῶν
376 2536 467 2590 καὶ
487 2535 706 2600 πάντως
725 2536 987 2608 ἐχόντων,
1030 2534 1100 2601 ὡς
1119 2542 1227 2591 νῦν
1246 2530 1320 2590 αὖ
1340 2534 1369 2591 ὁ
1391 2534 1487 2599 σὸς
1505 2535 1696 2606 λόγος,
1735 2535 1834 2589 ἀν-

103 2633 136 2676 D
170 2620 323 2685 ὃρεία
358 2612 430 2670 ἀν
470 2625 568 2686 εἴη.
607 2616 783 2682 οὕτως
812 2611 886 2672 αὖ
914 2623 1308 2688 μετατίθεσθαι
1335 2613 1372 2687 ἦ
1401 2624 1515 2681 πῶς
1553 2619 1752 2687 λέγεις,
1794 2608 1837 2670 a?

165 2701 364 2764 Νικίας

306 2784 409 2834 NI.
451 2777 675 2849 ’Ἔμοιγε
695 2783 869 2850 δοκεῖ,
894 2773 938 2836 ῶ
958 2780 1268 2850 Σώκρατες.
