1994 3100
187 102 219 152 8
370 171 376 173 ᾗ
786 100 1267 150 ΠΛΑΤΩΝΟΣ

194 239 385 302 δείξω
370 235 461 292 καὶ
481 233 684 298 ἄλλους
703 232 969 302 πολλούς,
1003 230 1084 297 οἷς
1103 236 1248 289 δοκῶ
1271 233 1411 290 εἶναι
1431 235 1701 308 σω’φρων,
1737 234 1811 302 ὡς
1830 235 1859 293 ὁ

187 317 388 373 τούτου
416 315 605 387 λόγος·
645 314 745 372 ἐὰν
773 314 824 371 δ’
848 319 921 370 αὐ
951 337 1038 385 φω
1070 317 1162 371 καὶ
1191 314 1430 386 ἐμαυτὸν
1459 320 1695 390 ἐπαινω,
1734 328 1863 386 ἴσως

187 398 422 470 ἐπαχθὲς
454 409 730 469 φανεῖται·
773 395 909 452 ω’στε
939 394 1044 452 οὐκ
1074 401 1176 468 ἔχω
1205 395 1238 452 3
1265 403 1322 452 τί
1344 416 1432 454 σοι
1460 398 1857 473 ἀποκρίνωμαι.

184 483 295 537 Καὶ
323 478 429 550 ἐγω
452 478 609 534 εἷπον
629 477 713 534 ὅτι
742 501 835 550 μοι
865 480 1048 536 εἰκότα
1077 485 1263 549 φαίνει
1292 483 1497 551 λέγειν,
1521 505 1563 537 ω
1588 489 1856 556 Χαρμίδη

184 570 280 618 καί
309 583 401 633 μοι
434 566 607 630 δοκεῖ,
645 555 791 633 ἦνδ’
813 562 945 631 ἐγώ,
983 567 1143 633 κοινῇ
1164 556 1237 616 ἀν
1256 560 1395 617 εἶναι
1426 567 1718 636 σκεπτέον,
1758 574 1862 622 εἴτε

99 667 131 706 E
189 649 449 715 κέκτησαι
478 651 583 699 εἴτε
611 642 685 715 μὴ
718 640 746 699 ὃ
775 645 1164 715 πυνθάνομαι,
1200 647 1292 700 ἵνα
1317 644 1452 716 μήτε
1483 644 1554 701 σύ
1584 645 1863 720 ἀναγκάζῃ

188 731 370 798 λέγειν
389 724 423 782 ἃ
442 724 515 798 μὴ
536 725 752 797 βούλει,
784 725 899 797 μήτ’
926 721 999 782 αὖ
1018 724 1123 796 ἐγω
1153 724 1432 791 ἀσκέπτως
1464 730 1546 784 ἐπὶ
1567 726 1668 800 τὴν
1689 734 1859 801 ἰατρι-

187 810 298 883 κὴν
332 815 626 882 τρέπωμαι.
682 813 733 864 εἰ
760 802 866 864 οὖν
897 825 984 864 σοι
1018 815 1210 880 φίλον,
1249 811 1425 866 ἐθέλω
1463 824 1690 867 σκοπεῖν
1727 812 1856 883 μετὰ

186 899 319 949 σοῦ·
355 896 406 947 εἰ
421 891 478 947 δὲ
496 890 603 962 μή,
635 894 746 965 ε’ᾇν.
780 890 942 947 Ἀλλά
962 892 1191 949 πάντων
1211 893 1471 964 μάλιστα,
1503 898 1636 965 ἔφη,
1669 901 1834 965 φίλον

189 975 327 1032 ὥστε
345 975 548 1030 τούτου
566 996 630 1044 γε
653 974 831 1045 ἕνεκα,
854 973 964 1047 ὅπῃ
984 974 1152 1042 αὐτὸς
1171 984 1274 1032 οἰέι
1292 979 1509 1048 βέλτιον
1529 981 1857 1047 σκέψασθαι,

183 1059 354 1132 ταύτῃ
376 1057 584 1113 σκόπει.

325 1147 432 1199 VII.
512 1144 657 1213 Τῇδε
675 1144 895 1209 τοίνυν,
919 1145 1062 1213 ἔφην
1086 1143 1211 1214 ἐγώ,
1233 1147 1390 1200 δοκεῖ
1400 1167 1493 1214 μοι
1514 1149 1764 1216 βελτίστη
1785 1144 1856 1200 εἶι-

186 1223 328 1297 ναιὴ
357 1227 546 1292 σκέψις
574 1224 696 1295 περὶ
728 1220 916 1279 αὐτοῦ.
976 1229 1148 1296 δῆλον
1166 1225 1273 1296 γάρ
1303 1224 1413 1297 ὅτι,
1453 1235 1505 1283 εἴ
1529 1244 1616 1283 σοι
1635 1227 1863 1299 πάρεστι

71 1328 154 1373 159
186 1307 554 1380 σωφροσύνη,
592 1311 730 1378 ἔχεις
764 1329 816 1362 τι
852 1311 976 1377 περὶ
1009 1308 1177 1380 αὐτῆς
1208 1310 1464 1376 δοξάζειν.
1522 1309 1733 1381 ἀνάγκη
1755 1311 1861 1381 γάρ

185 1413 295 1449 που
314 1396 552 1448 ἐνοῦσαν
573 1389 774 1462 αὐτήν,
815 1399 966 1463 εἴπερ
987 1396 1227 1463 ἔνεστνν,
1267 1400 1532 1464 αἴσθησίν
1550 1416 1672 1449 τινα
1692 1397 1857 1466 παρέ-

183 1495 329 1545 χειν,
372 1476 425 1540 ἐξ
455 1466 520 1544 ἧς
549 1471 679 1537 δόξα
703 1471 776 1527 ἀν
804 1479 884 1539 τίς
913 1491 1001 1529 σοι
1021 1476 1146 1547 περὶ
1176 1472 1345 1546 αὐτῆς
1364 1483 1472 1548 εἴη,
1513 1474 1546 1532 3
1574 1481 1628 1532 τί
1639 1478 1751 1533 ἐστι
1768 1478 1860 1533 καὶ

184 1553 382 1612 ὁποῖόν
400 1553 499 1626 τιὴ
521 1554 858 1626 σωφροσύνη
875 1577 885 1588 ·
922 1552 959 1626 ἢ
980 1554 1084 1611 οὐκ
1104 1565 1234 1624 οἰέι;
1265 1555 1500 1628 ”Εγωγε,
1531 1563 1662 1630 ἔφη,
1693 1559 1857 1630 οἶμαι.

184 1636 413 1694 Οὐκοῦν
432 1636 598 1693 τοῦτο’
615 1658 704 1707 γε,
727 1641 894 1707 ἔφην,
921 1634 953 1692 ὃ
972 1645 1099 1708 οἰέι,
1121 1637 1410 1710 ἐπειδήπερ
1431 1640 1724 1711 ἑλληνίζειν
1743 1645 1858 1697 ἐπί*

185 1735 407 1817 στασαι,
447 1714 554 1773 κάν
584 1725 757 1782 εἴποις
788 1718 969 1788 δήπου
996 1717 1131 1774 αὐτὸ
1150 1718 1182 1773 3
1198 1725 1253 1775 τί
1269 1736 1356 1774 σοι
1377 1725 1659 1790 φαίνεται;
1685 1720 1856 1794 Ἴσως,

181 1803 302 1871 ἔφη.
331 1798 446 1855 Ἰνα
466 1805 659 1855 τοίνυν
678 1799 1006 1871 τοπάσωμεν
1026 1807 1131 1856 εἴτε
1150 1817 1237 1855 σοι
1259 1805 1473 1856 ἔνεστιν
1492 1809 1598 1858 εἴτε
1617 1803 1710 1874 μή,
1725 1809 1856 1875 εἰπέ,

180 1883 253 1952 ἠν
273 1879 326 1936 δ’
349 1880 484 1951 ἐγώ,
505 1886 562 1936 τί
575 1878 687 1953 φῂς
705 1879 845 1937 εἶναι
865 1883 1242 1954 σωφροσύνην
1260 1881 1397 1938 κατά
1419 1882 1521 1955 τὴν
1539 1883 1645 1956 σὴν
1671 1886 1854 1952 δόξαν.

96 1980 125 2020 Β
179 1959 326 2018 Καὶ
310 1985 368 2027 ος
388 1960 449 2017 τὸ
483 1985 584 2033 μεν
614 1983 837 2034 πρωτον
859 1962 1023 2018 ω’κνει
1048 1986 1105 2019 τε
1124 1966 1213 2020 καὶ
1233 1963 1302 2020 οὗ
1321 1965 1471 2020 πάνυ
1491 1965 1695 2037 ἤθελεν
1715 1965 1855 2024 ἀπο-

183 2048 509 2114 κρίνασθαι·
544 2047 727 2100 ἔπειτα
750 2047 936 2116 μέντοι
963 2043 1115 2101 εἶπεν
1142 2044 1227 2101 ὅτι
1257 2048 1315 2102 οἰ
1342 2050 1501 2103 δοκοῖ
1515 2049 1855 2121 σωφροσύνη

183 2123 324 2181 εἶναι
360 2124 420 2181 τὸ
459 2131 699 2197 κοσμίως
739 2126 919 2182 πάντα
948 2126 1204 2195 πράττειν
1224 2128 1316 2183 καὶ
1339 2125 1544 2227 ἡσυχῇ,
1586 2134 1647 2185 ἒν
1665 2152 1723 2186 τε
1742 2142 1857 2195 ταῖς

182 2204 331 2271 ὁδοῖς
349 2209 587 2278 βαδίζειν
606 2210 695 2264 καὶ
718 2210 1095 2279 διαλέγεσθαι,
1115 2209 1204 2264 καὶ
1222 2207 1287 2264 τὰ
1310 2209 1448 2265 ἄλλα
1469 2210 1647 2266 πάντα
1668 2209 1855 2266 ωσαύ-

183 2309 289 2352 τως
308 2299 512 2343 ποιεῖν·
552 2295 647 2345 καί
661 2311 754 2360 μοι
774 2293 929 2345 δοκει
935 2312 1076 2361 ,εφη
1091 2332 1104 2358 ,
1126 2290 1446 2362 συλλήβδην
1464 2290 1756 2363 ἦσυχιότης
1775 2314 1855 2357 τις

183 2367 372 2425 εἷναιὸ
397 2373 615 2445 ἐρωτᾷς.
664 2366 771 2442 Ἀρ’
792 2365 922 2442 οὖν,
961 2376 1035 2445 ἡν
1064 2370 1113 2428 δ’
1139 2374 1271 2444 ἐγώ,
1311 2377 1374 2429 εὐ
1405 2376 1604 2444 λέγεις;
1640 2380 1781 2446 φασί
1792 2379 1856 2445 γε’

180 2472 291 2522 τοι,
329 2475 370 2507 ω
394 2457 671 2524 Χαρμίδη,
700 2453 831 2519 τούς
852 2452 1113 2525 ἡσυχίους
1132 2454 1427 2526 σώφρονας
1446 2454 1610 2512 εἶναι·
1647 2460 1853 2527 ἰδωμεν

105 2545 137 2589 G
184 2530 250 2603 δη
272 2540 327 2587 εἴ
338 2555 386 2587 τι
404 2537 677 2604 λέγουσι-μ]
735 2537 849 2591 εἰπε
878 2537 985 2606 γάρ
1015 2559 1135 2607 μοι,
1174 2535 1242 2591 οὐ
1263 2559 1374 2592 των
1406 2543 1595 2593 καλων
1614 2541 1800 2608 μέντοι
1818 2535 1853 2609 ἡ

183 2616 521 2688 σωφροσύνη
538 2619 675 2683 ἐστίς
704 2619 869 2674 Πάνυ
887 2641 977 2690 γε,
1002 2625 1123 2718 ἔφη.
1170 2619 1421 2687 Πότερον
1440 2612 1544 2674 οὖν
1563 2620 1852 2676 κάλλιστον

180 2702 240 2753 ἐν
253 2705 666 2770 γραμματιστοῦ
680 2698 744 2755 τά
766 2699 928 2771 ὅμοια
947 2702 1239 2773 γράμματα
1256 2700 1495 2772 γράφειν
1506 2699 1695 2773 ταχὺ’“
1660 2725 1693 2774 η
1712 2699 1852 2773 ἡσυ-

179 2787 272 2852 χῇς
330 2782 496 2851 Ταχτί,
579 2786 647 2836 Τί
676 2780 728 2836 δ’
770 2780 1238 2853 ἀναγιγνώσκειν;
1286 2787 1485 2853 ταχέως
1513 2780 1548 2854 ἢ
1578 2786 1848 2855 βραδέως;
