1962 3112
169 173 269 227 156
350 207 373 211 -—
766 177 1237 225 ΠΛΑΤΩΝΟΣ
1783 186 1840 230 68

169 313 427 382 δοτρίβου
448 313 787 381 πέμπουσιν,
810 311 902 363 ἵνα
924 307 986 363 τὰ
1009 310 1232 380 σώματα
1250 317 1446 382 βελτίω
1467 317 1679 383 ἔχοντες
1698 310 1841 383 ὑπη-

113 400 146 443 G
171 400 367 462 ρετῶσι
396 399 464 465 τῇ
493 396 709 464 διανοίᾳ
739 397 948 462 χρηστῇ
984 390 1150 463 οὔσῃ,
1190 393 1278 448 καὶ
1315 391 1388 464 μὴ
1433 392 1841 464 ἀναγκάζωνται

171 472 494 547 ἀποδειλιᾷν
523 473 611 529 διὰ
640 472 743 543 τὴν
772 477 1045 543 πονηρίαν
1076 479 1188 527 τῶν
1218 473 1487 544 σωμάτων
1517 477 1605 530 καὶ
1637 478 1696 530 ἐν
1732 488 1843 540 τοῖς

171 556 427 626 πολέμοις
448 556 538 610 καὶ
557 557 619 611 ἐν
638 567 755 619 ταῖς
775 554 962 619 ἄλλαις
984 554 1212 623 πράξεσι
1228 577 1238 586 ·
1277 557 1367 611 καὶ
1396 563 1565 611 ταῦτα
1587 564 1843 613 ποιοῦσιν

171 640 225 692 οἱ
241 636 474 708 μάλιστα
507 636 807 707 δυνάμενοι
821 659 831 669 ·
871 637 1102 708 μάλιστα
1130 637 1188 693 δὲ
1208 638 1475 695 δύνανται
1496 643 1548 695 οἱ
1566 640 1843 695 πλουσιῶ-

128 761 130 763 ,
171 738 346 773 τατοι·
388 718 478 773 καὶ
509 720 565 773 οἰ
590 717 803 773 τούτων
834 720 994 790 υίεΐς,
1034 726 1367 790 πρωιαίτατα
1400 727 1474 787 εἰς
1495 724 1842 778 διδασκάλων

171 807 266 871 τῆς
283 797 494 872 ἡλικίας
513 797 808 870 ἀρξάμενοι
829 807 1058 873 φοιτᾷν,
1084 800 1370 868 ὀψιαίτατα
1393 801 1840 858 ἀπαλλάττονται.

172 879 395 937 ἐπειδὰν
415 882 473 938 δὲ
494 884 550 937 ἐκ
573 882 922 937 διδασκάλων
942 883 1357 956 ἀπαλλαγῶσιν,
1393 882 1425 955 ἡ
1449 885 1603 950 πόλις
1623 879 1695 940 αὖ
1715 885 1842 949 τούς

108 969 144 1009 D
175 985 231 1019 τε
271 963 475 1034 νόμους
508 962 800 1034 ἀναγκάζει
837 965 1150 1035 μανθάνειν
1186 970 1276 1023 καὶ
1313 966 1450 1023 κατὰ
1490 968 1720 1033 τούτους
1748 974 1844 1041 ζῇν

174 1043 311 1100 κατὰ
335 1046 682 1117 παράδειγμα
697 1089 712 1117 ,
749 1050 841 1100 ἵνα
863 1045 935 1117 μὴ
958 1045 1113 1103 αὐτοὶ
1132 1045 1220 1118 ἐφ’
1243 1046 1430 1104 αὑτῶν
1456 1055 1572 1123 εἰκῇ
1594 1050 1836 1120 πράττω-

173 1143 262 1182 σιν
279 1170 294 1199 ,
319 1126 440 1184 ἀλλ’
465 1127 703 1199 ἀτεχνῶς
725 1127 908 1198 ῶσπερ
929 1133 986 1184 οί
1000 1132 1398 1201 γραμματισταὶ
1418 1143 1530 1197 τοῖς
1549 1132 1710 1202 μήπω
1732 1134 1843 1186 δει-

172 1220 287 1273 νοῖς
302 1210 538 1280 γράφειν
554 1217 666 1265 τῶν
682 1214 895 1265 παίδων
914 1209 1336 1282 ὑπογράψαντες
1354 1214 1605 1284 γραμμὰς
1624 1220 1687 1287 τῇ
1709 1225 1840 1284 γραὲ

173 1294 291 1360 φίδι
312 1289 459 1345 οὕτω
484 1289 544 1346 τὸ
574 1304 948 1363 γραμματεῖον
970 1294 1183 1348 διδόασι
1204 1296 1293 1350 καὶ
1315 1293 1681 1365 ἀναγκάζουσι
1704 1296 1842 1367 γρά*

173 1393 299 1442 φειν
319 1370 456 1427 κατὰ
478 1370 580 1444 τὴν
602 1371 880 1444 ὑφήγησιν
900 1380 1012 1429 τῶν
1031 1383 1326 1447 γραμμῶν,
1351 1374 1422 1441 ῶς
1443 1377 1498 1432 δὲ
1519 1380 1610 1432 καὶ
1629 1375 1660 1447 ἡ
1689 1376 1844 1443 πόλις

173 1454 379 1525 νόμους
419 1452 815 1527 ὑπογράψασα,
855 1454 1089 1526 ἀγαθῶν
1119 1459 1208 1513 καὶ
1242 1466 1489 1514 παλαιῶν
1520 1466 1843 1529 νομοθετῶν

173 1534 480 1607 εὑρήματα,
520 1536 655 1592 κατά
685 1538 917 1602 τούτους
941 1536 1234 1608 ἀναγκάζει
1253 1543 1342 1595 καὶ
1362 1540 1548 1611 ἄρχειν
1569 1543 1658 1596 καὶ
1680 1540 1840 1612 ἀρχε-

173 1627 330 1674 σθαι·
354 1615 412 1683 ὃς
432 1617 483 1673 δ’
507 1615 577 1674 ἀν
596 1618 749 1684 ἐκτὸς
768 1625 932 1692 βαίνῃ
952 1621 1190 1692 τούτων,
1213 1621 1452 1692 κολάζει,
1473 1624 1561 1678 καὶ
1582 1621 1757 1692 ὄνομα
1776 1628 1840 1694 τῇ

104 1711 138 1750 Ε
173 1700 395 1756 κολάσει
414 1701 585 1772 ταύτῃ
606 1703 695 1756 καὶ
715 1699 835 1773 παρ’
861 1699 991 1772 ὑμῖν
1011 1705 1101 1758 καὶ
1120 1701 1320 1758 ἄλλοθι
1339 1710 1632 1774 πολλαχοῦ,
1657 1701 1727 1769 ῶς
1748 1702 1842 1759 εύ-

172 1781 461 1852 θυνούσης
489 1789 583 1853 τῆς
613 1785 792 1853 δίκης,
833 1781 1084 1838 ευθῦναι.
1123 1785 1392 1856 τοσαύτης
1423 1779 1527 1841 οὖν
1546 1794 1639 1857 τῆς
1657 1789 1843 1857 ε’πιμε-

173 1870 319 1928 λείας
342 1862 510 1935 οὔσης
530 1866 652 1934 περὶ
674 1862 869 1935 ἀρετῆς
891 1868 1001 1919 ἰδία
1021 1867 1111 1920 καὶ
1142 1869 1400 1941 δημοσία,
1437 1870 1844 1940 θαυμάζεις,ῶ

175 1946 482 2017 Σώκρατες,
504 1949 592 2002 καὶ
613 1945 852 2016 ἀπορεῖς,
875 1952 926 2003 εἰ
942 1946 1201 2003 διδακτόν
1220 1951 1370 2004 ἐστιν
1390 1947 1582 2021 ἀρετή·
1570 1994 1583 2018 ,
1627 1949 1747 2006 ἀλλ’
1773 1949 1842 2005 οὐ

172 2030 272 2103 χρὴ
295 2032 620 2102 θαυμάζειν,
642 2030 780 2088 ἀλλά
803 2029 945 2087 πολυ
967 2038 1205 2103 μᾶλλον,
1229 2031 1366 2104 εἰμὴ
1388 2033 1661 2088 διδακτόν.

314 2120 445 2171 XVI.
520 2112 631 2169 Διά
650 2119 707 2169 τί
723 2107 826 2169 οὖν
846 2120 959 2169 τῶν
978 2113 1210 2184 ἀγαθῶν
1230 2117 1480 2183 πατέρων
1499 2115 1690 2170 πολλοὶ
1709 2118 1841 2179 υἱεῖς

174 2200 379 2265 φαῦλοι
396 2200 706 2266 γίγνονται;
727 2202 889 2252 τοῦτο
908 2199 978 2251 αὐ
997 2195 1170 2267 μάθε·
1192 2195 1357 2253 οὐδεν
1372 2194 1478 2269 γὰρ
1496 2196 1842 2268 θαυμαστόν,

173 2284 323 2347 εἰπερ
346 2275 532 2348 ἀληθῆ
561 2275 663 2347 έγῶ
699 2280 759 2333 ἐν
788 2289 899 2343 τοῖς
930 2283 1244 2349 ἔμπροσθεν
1273 2283 1492 2349 ἔλεγον,
1531 2276 1614 2334 ὅτι
1642 2278 1844 2334 τούτου

58 2367 143 2414 327
175 2366 277 2414 τοῦ
297 2359 629 2430 πράγματος,
651 2367 746 2430 τῆς
765 2359 961 2430 ἀρετῆς
976 2404 991 2432 ,
1014 2365 1063 2416 εἰ
1079 2363 1261 2431 μέλλει
1280 2361 1433 2425 πόλις
1453 2359 1591 2415 εἶναι
1604 2403 1617 2429 ,
1641 2359 1840 2415 οὐδένα

174 2445 260 2496 δεῖ
288 2442 605 2498 ἰδιωτεύειν.
645 2448 694 2498 εί
723 2441 829 2513 γὰρ
870 2442 935 2514 δὴ
973 2440 1002 2498 ὃ
1041 2445 1181 2512 λέγω
1219 2441 1394 2507 οὕτως
1424 2447 1530 2513 ἔχει
1554 2476 1617 2485 -—
1650 2445 1755 2511 ἔχει
1785 2443 1843 2496 δὲ

172 2523 407 2594 μάλιστα
438 2523 665 2580 πάντων
696 2524 871 2589 οὕτως
896 2560 958 2567 -
980 2525 1328 2597 ἐνθυμήθητι
1362 2523 1496 2580 ἄλλο
1527 2529 1639 2578 τῶν
1660 2525 1844 2593 ἐπιτη-

173 2606 462 2676 δευμάτων
480 2604 669 2663 ὁτιοῦν
687 2609 777 2663 καὶ
793 2606 1140 2678 μαθημάτων
1156 2607 1539 2676 προελόμενος.
1564 2610 1613 2661 εἰ
1629 2604 1700 2676 μὴ
1724 2602 1844 2660 οἶόν

173 2684 224 2742 τ’
244 2682 317 2758 ἧν
336 2687 498 2744 πόλιν
518 2687 683 2757 εἶναι,
722 2687 857 2760 εἰμὴ
881 2689 1080 2753 πάντες
1100 2687 1330 2759 αὐληταὶ
1349 2681 1514 2759 ἦμεν,
1557 2684 1746 2750 ὁποῖός
1764 2709 1844 2751 τις

172 2768 405 2824 ἐδύνατο
444 2769 695 2840 ἕκαστος,
736 2771 825 2825 καὶ
861 2777 1023 2826 τοῦτο
1062 2772 1152 2826 καὶ
1188 2774 1299 2842 ἰδίᾳ
1336 2770 1426 2825 καὶ
1466 2772 1699 2840 δημοσίᾳ
1740 2775 1844 2832 πᾶς

170 2849 352 2904 πάντα
388 2850 481 2905 καὶ
528 2853 776 2905 ἐδίδασκε
816 2852 907 2906 καὶ
944 2853 1237 2921 ἐπέπληττε
1274 2847 1373 2905 τὸν
1406 2847 1481 2921 μὴ
1521 2855 1701 2914 καλῶς
1739 2846 1844 2903 αὐ-
