1962 3112
222 0 1119 43 “FVWWWWissn-vwfrww
1140 0 1248 30 »ς--κ
1269 0 1326 33 ,ως
1347 0 1356 4 v
1398 12 1411 23 .,
1503 0 1510 19 ,-
1533 0 1545 6 ψ

106 105 160 156 15
540 76 545 78 ’
745 101 1122 150 ΓοΡιἿΛΣ.
1678 95 1781 146 -213

105 238 221 310 ἥτις
238 237 368 295 ποτὲ
383 234 421 309 ἡ
439 235 671 307 δύναμίς
689 239 804 292 ἐστι
822 240 919 304 τῆς
937 236 1243 305 ῥητορικῆς.
1293 236 1550 303 δαιμονία
1579 233 1686 303 γάρ
1705 254 1785 296 τις

106 327 290 391 ἔμοιγε
308 326 700 389 καταφαίνεται
716 316 779 373 -τό
800 318 1036 389 μέγεθος
1057 315 1205 372 οὕτω
1224 321 1544 372 σκοποῦντι.

245 408 331 459 xl.
407 407 561 458 POP.
614 405 687 456 Εἰ
714 400 894 455 πάντα
921 421 984 469 γε
1003 403 1227 470 εἰδείης,
1269 392 1312 454 ῶ
1333 398 1659 467 Σώκρατες,
1702 395 1786 453 ὅτι

104 482 179 549 ὥς
197 489 326 549 ἔπος
345 489 520 540 εἰπεῖν
538 482 756 547 ἆπάσας
782 479 879 546 τὰς
904 483 1166 552 δυνάμεις
1185 487 1544 553 συλλαβοῦσα
1564 478 1659 551 ὑφ’
1680 479 1788 535 αὑ-

103 574 173 639 τῇ
200 571 322 638 ἔχει.
353 570 490 637 μέγα
521 567 586 621 δέ
609 582 698 620 σοι
725 562 1026 634 τεκμήριον
1057 565 1190 631 ε’ρῶ·
1248 564 1515 627 πολλάκις
1541 561 1649 634 γὰρ
1678 561 1786 634 ἤδη
1820 574 1851 614 Β

104 652 277 719 ἔγωγε
293 645 428 718 μετὰ
452 653 554 702 τοῦ
575 645 823 717 ἀδελφοῦ
846 646 936 701 καὶ
954 645 1088 717 μετὰ
1107 653 1221 702 τῶν
1239 646 1425 703 ἄλλων
1444 652 1650 715 ἰατρῶν
1681 651 1790 711 είς-

106 731 294 786 ελθῶν
322 729 473 800 παρά
504 751 627 785 τινα
657 736 771 784 τῶν
799 729 1133 799 καμνόντων
1153 726 1275 800 ούχὶ
1295 726 1608 785 ἐθέλοντα
1581 727 1618 800 η’
1638 730 1788 799 φάρ-

107 835 289 878 μακον
316 824 460 867 πιεῖν
478 808 514 883 ἦ
543 823 726 883 τεμεῖν
753 808 788 882 ἢ
819 817 1022 866 καῦσαι
1040 822 1343 882 παρασχεῖν
1371 817 1447 885 τῶ
1479 817 1676 884 ἰατρῷ,
1718 800 1788 866 οὗ

111 897 429 966 δυναμένου
447 901 549 950 τοῦ
568 899 763 964 ἰατροῦ
783 905 981 964 πεῖσαι,
996 892 1102 963 ἐγώ
1124 899 1327 965 ἔπεισα,
1351 892 1453 949 οὐκ
1473 893 1611 965 ἄλλῃ
1630 895 1790 965 τέχνῃ

107 975 143 1050 ἦ
162 984 228 1050 τῇ
249 981 527 1050 ῥητορικῇ.
565 977 702 1047 φημὶ
725 977 890 1031 δὲκαὶ
911 980 987 1040 εἰς
1005 975 1168 1031 πόλιν
1189 975 1317 1032 ὅποι
1336 977 1529 1047 βούλει
1549 976 1790 1032 ἐλθόντα

110 1059 403 1132 ῥητορικὸν
423 1058 603 1129 ἄνδρα
622 1060 713 1114 καὶ
732 1058 950 1128 ἰατρόν,
987 1063 1038 1113 εἰ
1065 1062 1177 1114 δέοι
1197 1060 1342 1134 λόγῳ
1365 1063 1790 1129 διαγωνίζεσθαι

110 1146 170 1199 έν
186 1145 445 1215 ἐκκλησίᾳ
467 1139 505 1214 ἦ
525 1145 586 1198 ἐν
604 1142 754 1216 ἄλλω
773 1144 880 1197 τινὶ
900 1141 1153 1215 συλλόγῳ
1171 1185 1185 1211 ‚
1234 1140 1506 1210 ὁπότερον
1536 1145 1624 1198 δεῖ
1637 1145 1790 1211 αἱρε-

115 1233 284 1296 θῆναι
306 1226 526 1295 ἰατρόν,
555 1223 808 1294 οὐδαμοῦ
827 1220 900 1278 ἄν
919 1231 1164 1294 φανῆναι
1185 1224 1284 1279 τὸν
1303 1226 1524 1294 ἰατρόν,
1563 1222 1676 1280 ἄλλ’
1702 1229 1791 1280 αί-
1819 1233 1852 1277 (5

112 1315 348 1379 ρεθῆναι
372 1304 446 1363 ἂν
463 1308 562 1363 τὸν
582 1312 753 1363 εἰπεῖν
775 1306 1049 1376 δυνατόν,
1079 1311 1129 1362 εἰ
1145 1308 1423 1377 βούλοιτο.
1473 1310 1563 1363 καὶ
1586 1312 1637 1363 εἰ
1651 1306 1791 1378 πρὸς

118 1389 287 1446 ἄλλον
304 1412 366 1460 γε
388 1390 728 1460 δημιουργὸν
751 1387 1054 1445 ὁντιναοῦν
1081 1387 1399 1459 ἀγωνίζοιτο
1413 1433 1428 1460 ‚
1461 1396 1702 1446 πείσειεν
1719 1385 1791 1444 ἂν

111 1471 285 1527 αὑτὸν
305 1474 530 1527 ἑλέσθαι
550 1469 579 1526 ὁ
611 1470 897 1542 ῥητορικὸς
915 1467 1183 1542 μᾶλλονῆ
1206 1470 1373 1538 ἄλλος
1393 1471 1656 1529 ὁστισοῦν
1671 1495 1681 1505 ·
1721 1470 1791 1527 οὐ

111 1553 219 1624 γὰρ
238 1558 352 1610 ἔστι
372 1555 495 1623 περὶ
513 1553 648 1608 ὅτου
667 1551 771 1608 οὐκ
792 1550 863 1607 ἄν
882 1553 1275 1622 πιθανώτερον
1287 1562 1430 1609 εἴποι
1450 1552 1478 1610 ὁ
1501 1553 1792 1626 ῥητορικὸς

111 1633 146 1707 ἦ
167 1635 333 1701 ἄλλος
350 1635 615 1692 ὁστισοῦν
634 1642 747 1690 τῶν
768 1639 1125 1706 δημιουργῶν
1146 1638 1207 1692 ἐν
1227 1637 1449 1707 πλήθει.
1504 1635 1538 1708 ἡ
1561 1638 1665 1707 μὲν
1683 1630 1791 1692 οὖν

114 1717 348 1788 δύναμις
368 1718 608 1788 τοσαύτη
632 1718 743 1774 ἐστὶ
763 1721 853 1773 καὶ
872 1718 1097 1790 τοιαύτη
1116 1725 1210 1790 τῆς
1230 1722 1421 1790 τέχνης
1435 1740 1446 1750 ·
1487 1722 1574 1774 δεῖ
1586 1719 1789 1789 μέντοι,

114 1794 161 1856 ὦ
178 1800 499 1870 Σώκρατες,
537 1807 604 1872 τῇ
623 1802 887 1873 ῥητορικῇ
915 1807 1156 1872 χρῆσθαι
1178 1800 1362 1871 ῶσπερ
1393 1808 1460 1873 τῇ
1480 1800 1621 1874 ἅλλῃ
1640 1801 1791 1873 πάσῃ

112 1883 338 1957 ἀγωνίᾳ.
396 1885 487 1939 καὶ
523 1883 630 1955 γὰρ
666 1891 732 1957 τῇ
769 1883 909 1956 ἄλλῃ
947 1882 1158 1955 άγωνίᾳ
1188 1882 1258 1939 ού
1293 1883 1497 1939 τούτου
1525 1886 1688 1939 ἕνεκα
1709 1888 1796 1940 δεῖ
1820 1900 1855 1942 D

113 1964 254 2035 πρὸς
273 1966 520 2030 ἅπαντας
538 1972 779 2037 χρῆσθαι
799 1965 1144 2035 ἀνθρώπους
1158 2009 1171 2034 ,
1196 1965 1279 2021 ὅτι
1298 1971 1472 2037 ἔμαθε
1493 1966 1793 2022 πυκτεύειν

0 2052 4 2141 ,
114 2068 170 2102 τε
192 2050 281 2102 καὶ
302 2049 726 2117 παγκρατιάζειν
743 2050 834 2104 καὶ
853 2052 914 2105 ἐν
932 2048 1124 2114 ὅπλοις
1141 2049 1428 2119 μάχεσθαι,
1452 2047 1591 2105 ὥστε
1610 2056 1794 2119 κρείτ-

115 2150 228 2183 των
259 2126 398 2183 εἷναι
428 2131 519 2185 καὶ
548 2137 730 2200 φίλων
758 2134 850 2187 καὶ
879 2135 1123 2202 ἐχθρῶν·
1169 2131 1237 2187 ού
1262 2131 1462 2188 τούτου
1482 2133 1644 2188 ἕνεκα
1663 2131 1794 2197 τούς

116 2216 317 2282 φίλους
334 2215 421 2268 δεῖ
433 2213 660 2269 τύπτειν
678 2211 808 2270 οὐδὲ
829 2226 1044 2271 κεντεῖν
1062 2237 1119 2269 τε
1139 2216 1228 2270 καὶ
1248 2214 1663 2270 ἀποκτιννύναι.
1693 2213 1795 2270 οὐ-

115 2297 179 2349 δέ
194 2317 254 2364 γε
274 2293 349 2364 μά
368 2301 477 2350 Διά
498 2297 595 2351 ἐάν
613 2319 693 2362 τις
710 2302 786 2363 εἰς
804 2304 1146 2365 παλαίστραν
1169 2297 1459 2366 φοιτήσας,
1483 2290 1547 2351 εὖ
1567 2302 1709 2367 ἔχων
1726 2298 1789 2353 τὸ

116 2382 272 2447 σῶμα
294 2379 381 2432 καὶ
402 2377 666 2444 πυκτικὸς
686 2380 1011 2451 γενόμενος,
1043 2385 1228 2435 ἔπειτα
1256 2379 1356 2434 τὸν
1375 2380 1581 2447 πατέρα
1611 2379 1791 2453 τύπτῃ

116 2461 207 2516 καὶ
236 2459 338 2531 τὴν
375 2464 580 2532 μητέρα
608 2459 643 2532 ἦ
677 2461 850 2517 ἄλλον
878 2460 1001 2517 τινά
1033 2469 1146 2517 τῶν
1166 2466 1384 2519 οἰκείων
1403 2458 1439 2533 ἢ
1459 2468 1574 2518 τῶν
1593 2467 1789 2534 φίλων,

118 2539 187 2597 ού
216 2542 419 2598 τούτου
448 2545 607 2599 ἕνεκα
641 2549 727 2599 δεῖ
750 2543 880 2609 τούς
916 2549 1270 2618 παιδοτρίβας
1307 2546 1397 2602 καὶ
1425 2544 1556 2611 τούς
1585 2549 1646 2601 ἐν
1676 2557 1789 2611 τοῖς
1819 2565 1851 2605 Ε

118 2621 308 2690 ὅπλοις
326 2620 692 2691 διδάσκοντας
709 2628 984 2698 μάχεσθαι
1009 2642 1189 2700 μισεῖν
1217 2651 1275 2685 τε
1304 2631 1394 2685 καὶ
1423 2629 1714 2701 ἐκβάλλειν
1732 2632 1792 2683 ἐκ

120 2711 233 2760 τῶν
249 2707 482 2763 πόλεων.
539 2712 739 2765 ἐκεῖνοι
767 2714 868 2781 μὲν
896 2710 1004 2782 γὰρ
1034 2715 1351 2780 παρέδοσαν
1368 2714 1454 2767 ἐπὶ
1475 2718 1552 2785 τῷ
1574 2715 1796 2776 δικαίως

28 2805 32 2832 2
118 2794 359 2857 χρῆσθαι
377 2791 592 2857 τούτοις
624 2794 761 2861 πρὸς
789 2792 920 2858 τούς
949 2800 1244 2866 πολεμίους
1264 2795 1356 2850 καὶ
1376 2794 1508 2858 τούς
1528 2792 1795 2849 ἀδικοῦν-
