1962 3112
0 1010 25 1404 Ξ

0 1402 50 2526 ⁸

0 2809 85 3112 32.ss

116 92 198 181 1⁵1
779 95 1106 179 MEstN.
1684 132 1791 186 349
1858 140 1863 144 ·

110 262 277 336 μόνοι
292 268 408 319 τῶν
434 260 912 334 ἀντιποιουμένων
938 285 991 318 τι
1019 266 1347 320 ἐπίστασθαι
1366 262 1674 336 εὐεργετεῖν
1692 290 1788 323 το-

111 351 317 401 σοῦτον
334 350 413 401 ta?
417 368 448 400 ν
466 344 655 401 ἄλλων
673 347 1052 415 διαφέρουσιν,
1067 343 1207 401 ὅσον
1225 343 1295 401 οὐ
1313 345 1491 416 μόνον
1510 345 1614 402 οὐκ
1634 345 1785 418 ὠφε-

109 433 331 497 λοῦσιν,
353 424 537 495 ὤσπερ
558 430 616 482 οἰ
629 425 787 482 ἄλλοι
798 468 814 496 ,
839 425 874 482 ὅ
889 448 940 481 τι
959 425 1032 480 ἄν
1049 448 1129 491 τις
1147 425 1334 492 αὐτοῖς
1351 432 1612 503 παραδῷ,
1643 428 1782 486 ἄλλα

107 510 199 563 καὶ
217 506 278 564 τὸ
301 512 556 564 ἐναντίον
575 512 994 578 διαφθείρουσι;
1026 511 1116 567 καὶ
1135 507 1350 565 τούτων
1368 517 1626 580 φανερῶς
1642 511 1779 583 χρή-
1804 522 1838 563 D

105 613 249 662 ματα
277 589 494 656 ἀξιοῦσι
525 591 893 660 πράττεσθαι;
947 589 1054 660 έγώ
1081 590 1187 691 μὲν
1218 585 1322 646 οὖν
1350 590 1457 647 οὐκ
1495 597 1598 663 ἔχω
1630 592 1781 659 ὅπως

109 690 196 728 σοι
225 674 531 728 πιστεύσω·
572 671 695 727 οἶδα
721 670 830 743 γὰρ
861 671 1040 743 ἄνδρα
1073 674 1172 728 ε’να
1202 674 1586 745 Πρωταγόραν
1609 681 1778 730 πλείω

102 755 351 826 χρήματα
370 753 717 825 κτησάμενον
733 752 842 810 ἀπὸ
866 754 1062 825 ταύτης
1076 762 1172 825 τῆς
1190 761 1388 826 σοφίας
1407 752 1440 827 ἦ
1435 754 1684 812 Φειδίαν
1703 779 1775 827 τε,

104 834 166 901 ὃς
182 834 329 892 οὕτω
351 857 673 906 περιφανως
691 834 829 891 καλοὶ
851 840 985 906 ἔργα
1006 836 1297 906 εἰργάζετο,
1315 839 1404 893 καὶ
1425 837 1627 902 α’λλους
1646 842 1777 894 δέκα

102 940 215 973 των
246 915 749 988 άνδριαντοποιων·
798 922 974 972 καίτοι
1001 920 1159 986 τέρας
1187 922 1389 988 λέγεις,
1429 923 1478 975 εἰ
1498 923 1555 974 οἱ
1580 923 1682 990 μὲν
1708 921 1775 975 τὰ

100 999 429 1070 ὑποδήματα
448 998 803 1071 ἐργαζόμενοι
819 997 885 1054 τὰ
907 1000 1108 1055 παλαιὰ
1130 1002 1219 1056 καὶ
1247 999 1313 1055 τὰ
1335 1001 1520 1071 ἱμάτια
1543 1002 1775 1067 ἐξακού-

103 1104 255 1141 ιιενοι
285 1081 389 1138 οὐκ
419 1078 492 1137 ἄν
513 1082 778 1137 δύναιντο
810 1088 1008 1137 λαθεῖν
1029 1081 1313 1148 τριάκονθ’
1336 1080 1538 1154 ἡμέρας
1555 1091 1772 1155 μοχθη-
1800 1096 1835 1138 Ε

99 1165 297 1234 ρότερα
317 1161 676 1229 ἀποδιδόντες
694 1159 730 1235 ἦ
749 1166 1062 1236 παρέλαβον
1078 1163 1144 1219 τὰ
1164 1165 1350 1236 ἱμάτιά
1367 1187 1424 1220 τε
1444 1167 1533 1221 καὶ
1557 1163 1771 1237 ὑποδή-

96 1269 255 1318 ματα,
269 1244 381 1302 ἀλλ’
404 1251 455 1303 εἰ
469 1252 696 1302 τοιαῦτα
715 1258 941 1317 ποιοῖεν,
953 1245 1088 1317 ταχύ
1110 1243 1180 1301 ἂν
1198 1253 1274 1321 τῷ
1294 1253 1436 1321 λιμῷ
1455 1245 1769 1303 ἀποθάνοι-

97 1351 188 1400 εν,
206 1329 585 1400 Πρωταγόρας
605 1329 663 1385 δὲ
682 1328 791 1398 ἄρα
810 1327 947 1400 ὅλην
965 1326 1069 1400 τὴν
1090 1327 1329 1385 Ἑλλάδα
1347 1331 1625 1386 ἐλάνθανε
1645 1335 1769 1386 δια-

95 1417 352 1482 φθείρων
381 1410 513 1476 τούς
544 1414 1015 1481 συγγιγνομένους
1036 1413 1127 1467 καὶ
1157 1415 1606 1483 μοχθηροτέρους
1624 1411 1767 1468 ἄπο-

94 1498 325 1566 πέμπων
345 1492 383 1566 ἦ
403 1496 792 1567 παρελάμβανε
808 1497 977 1550 πλέον
997 1492 1452 1567 ἦτετταράκοντα
1471 1501 1563 1568 ἔτη
1581 1518 1591 1528 ·
1614 1495 1766 1567 οἶμαι

94 1576 200 1648 γὰρ
230 1574 402 1632 αὐτὸν
425 1575 736 1632 ἀποθανεῖν
766 1576 931 1648 ἐγγὺς
958 1579 1047 1632 καὶ
1077 1576 1453 1648 ἑβδομήκοντα
1484 1584 1575 1650 ἔτη
1602 1600 1765 1650 γεγο-

98 1660 259 1730 νότα,
291 1661 692 1728 τετταράκοντα
713 1659 772 1714 δὲ
800 1663 860 1715 ἐν
876 1666 942 1732 τῇ
974 1662 1133 1731 τέχνῃ
1164 1659 1325 1715 ὅντα·
1373 1663 1543 1716 καὶέν
1563 1658 1765 1716 ἅπαντι

98 1749 170 1817 τῷ
201 1741 385 1816 χρόνῳ
415 1742 594 1815 τούτῳ
623 1748 701 1798 ἔτι
731 1747 806 1806 εἰς
836 1740 940 1812 τὴν
966 1740 1179 1813 ἡμέραν
1196 1742 1422 1812 ταυτηνὶ
1452 1739 1764 1814 εὐδοκιμῶν

92 1823 260 1881 οὐδὲν
296 1827 592 1880 πέπαυται·
643 1826 734 1880 καὶ
762 1822 831 1880 οὐ
861 1825 1038 1895 μόνον
1063 1826 1466 1895 Πρωταγόρας,
1498 1822 1636 1879 ἄλλα
1670 1826 1764 1881 καὶ

91 1905 250 1963 ἄλλοι
268 1907 608 1978 πάμπολλοι,
649 1907 823 1978 οἱμὲν
846 1906 1119 1977 πρότερον
1136 1906 1426 1977 γεγονότες
1445 1909 1689 1976 ἐκείνου,
1711 1910 1766 1964 οἱ
1792 1928 1846 1974 92

90 1987 149 2045 δὲ
169 1989 259 2044 καὶ
278 1995 386 2044 νῦν
404 1993 480 2044 ἔτι
499 1987 669 2054 ὄντες.
701 1990 940 2060 πότερον
956 1987 1022 2060 δὴ
1044 1982 1151 2044 οὖν
1168 1996 1364 2061 φῶμεν
1379 1987 1515 2044 κατὰ
1536 1987 1637 2046 τόν
1657 1987 1761 2046 σόν

88 2070 259 2140 λόγον
289 2071 502 2136 εἰδότας
529 2069 733 2136 αὐτοὺς
759 2074 1034 2143 έξαπατᾷν
1062 2072 1152 2126 καὶ
1182 2076 1472 2142 λωβᾶσθαι
1498 2070 1630 2135 τούς
1666 2074 1760 2126 νέ-

87 2172 212 2221 ους,
233 2146 269 2221 ἦ
292 2154 585 2222 λεληθέναι
603 2154 694 2208 καὶ
718 2153 975 2218 έαυτούς;
1004 2154 1094 2208 καὶ
1112 2150 1258 2207 οὕτω
1276 2158 1574 2222 μαίνεσθαι
1592 2149 1758 2219 ἀξιώ-

86 2250 271 2304 σωμεν
300 2233 558 2306 τούτους,
605 2232 703 2299 οὓς
730 2238 872 2291 ἔνιοί
891 2251 1028 2305 φασι
1057 2234 1414 2305 σοφωτάτους
1433 2233 1757 2305 ἀνθρώπων

84 2314 251 2382 elnam

223 2402 381 2453 XXX·
453 2403 577 2453 AN.
635 2403 861 2454 Πολλοῦ
886 2419 947 2469 γε
979 2403 1166 2454 δέουσι
1195 2403 1520 2470 μαίνεσθαι,
1560 2391 1606 2454 ὦ
1624 2398 1757 2455 Σοί-

30 2498 305 2568 οκρατες,
337 2476 476 2534 α’λλᾰ
497 2476 643 2534 πολὺ
662 2485 878 2549 μᾶλλον
898 2483 955 2535 οἰ
971 2481 1187 2546 τούτοις
1213 2481 1459 2547 διδόντες
1483 2477 1756 2551 α’ργύριον

38 2578 193 2614 των
213 2563 381 2615 νέων·
403 2560 619 2616 τούτων
639 2558 690 2615 δ’
715 2565 793 2615 ἔτι
814 2567 1025 2632 μᾶλλον
1046 2565 1102 2618 οἱ
1116 2562 1336 2629 τούτοις
1355 2564 1753 2632 ἐπιτρέποντες,

24 2644 140 2704 ;οἰ
153 2642 548 2715 προσήκοντες·
584 2641 727 2699 πολὺ
748 2645 804 2699 δὲ
829 2644 1064 2715 μάλιστα
1084 2646 1311 2701 πάντων
1331 2649 1393 2702 αῖ
1405 2646 1618 2716 πόλεις,
1642 2648 1809 2704 έῶ-ῐ)

28 2734 171 2778 σαι
190 2722 393 2791 αύτους
412 2731 853 2797 εἰσαφικνεῑσθαι
874 2730 961 2783 καὶ
982 2727 1084 2785 οὐκ
1106 2730 1523 2801 έξελαύνουσαι,
1546 2735 1652 2784 εἴτε
1671 2748 1750 2791 τις

9 2808 139 2996 ξέ
141 2829 231 2871 νος
248 2809 502 2879 ἐπιχειρεῖ
519 2809 776 2865 τοιοῦτόν
796 2832 846 2864 τι
865 2822 1044 2867 ποιεῖν
1062 2819 1168 2867 εἴτε
1187 2810 1365 2877 ἀστός.
