1962 3112
66 177 144 224 us
523 235 526 237 ,
708 169 809 217 ro
821 168 1081 216 ΡΓΙΛΣ.
1625 164 1729 218 311

59 304 151 359 καὶ
168 300 578 371 ἀποθανόντος,
617 301 708 356 καὶ
734 293 907 355 τᾶλλα
933 297 1134 363 οὕτως·
1173 299 1266 355 καὶ
1283 301 1335 354 εἰ
1351 291 1426 354 αὖ
1442 298 1731 370 ἐπετήδευε

59 391 267 457 κομᾷν,
304 382 544 454 κομήτης
562 381 766 438 τούτου
785 378 922 436 καὶὸ
946 379 1156 448 νεκρός.
1193 385 1477 451 μαστιγίας
1496 372 1571 434 αὖ
1589 386 1734 443 εἴτις

58 459 132 536 ἦν
158 467 251 520 καὶ
281 472 401 535 ἴχνη
434 463 539 534 εἶχε
567 470 680 518 τῶν
708 468 936 533 πληγῶν
964 458 1132 525 οὐλὰς
1160 463 1221 517 ἐν
1239 468 1319 534 τῷ
1336 461 1546 532 σώματι
1563 456 1600 532 ἢ
1619 457 1729 516 ὑπὸ

58 550 338 617 μαστίγων
371 542 407 615 ἦ
444 544 629 599 ἄλλων
655 542 988 613 τραυμάτων
1027 546 1161 611 ζῶν,
1199 544 1292 598 καὶ
1327 548 1632 606 τεθνεῶτος
1667 538 1728 597 τὸ

60 633 218 697 σῶμα
238 632 388 682 ἔστιν
405 631 545 682 ἰδεῖν
561 631 734 680 ταῦτα
753 628 878 695 ἕχον
892 646 902 655 ·
922 623 1224 693 κατεαγότα
1243 645 1300 678 τε
1321 631 1485 679 εἶτον
1503 617 1577 694 ἦν
1594 623 1731 693 μέλη

57 704 96 778 ἦ
115 708 513 776 διεστραμμένα
535 710 759 775 ζῶντος,
798 706 889 759 καὶ
917 710 1223 769 τεθνεῶτος
1247 702 1422 760 ταύτὰ
1442 711 1614 759 ταῦτα
1639 709 1732 760 ἔν-

59 793 212 858 δηλα.
234 789 312 844 ἑνὶ
334 788 392 843 δὲ
410 788 587 862 λόγῳ,
623 785 735 852 οἶος
756 785 895 842 εἶναι
914 785 1326 856 παρεσκεύαστο
1346 784 1406 840 τό
1429 791 1585 856 σῶμα
1605 789 1730 853 ζῶν,
1761 799 1798 842 D

58 872 262 940 ἔνδηλα
291 877 463 924 ταῦτα
493 871 584 924 καὶ
612 869 1038 939 τελευτήσαντος
1055 863 1092 938 ἦ
1109 866 1289 922 πάντα
1306 863 1343 937 ἢ
1361 866 1428 922 τὰ
1449 864 1625 921 πολλοὶ
1644 868 1739 921 ε’πί

56 971 181 1005 τινα
199 951 417 1021 χρόνον.
450 949 656 1005 ταύτὸν
686 949 753 1019 δή
772 971 866 1020 μοι
893 953 1046 1004 δοκεῖ
1068 946 1220 1004 τοῦτ’
1243 947 1351 1017 ἄρα
1380 950 1471 1004 καὶ
1490 949 1614 1017 περὶ
1632 946 1735 1018 τὴν

56 1030 244 1103 ψυχὴν
273 1031 437 1103 εἶναι,
476 1026 520 1087 ὦ
547 1037 895 1096 Καλλίκλεις·
937 1035 1139 1102 ἔνδηλα
1178 1031 1357 1086 πάντα
1393 1032 1540 1087 ἐστὶν
1574 1032 1635 1086 ἐν
1666 1035 1734 1104 τῇ

58 1120 234 1186 ψυχῇ,
265 1112 487 1169 ἐπειδὰν
505 1120 782 1185 γυμνωθῇ
799 1120 901 1167 τοῦ
920 1113 1197 1183 σώματος,
1234 1113 1302 1167 τά
1321 1134 1378 1167 τε
1398 1119 1492 1182 τῆς
1511 1111 1735 1182 φύσεως

59 1196 150 1250 καὶ
179 1193 243 1249 τὰ
274 1195 576 1267 παθήματα
590 1237 604 1264 ,
640 1193 677 1250 ἃ
696 1196 785 1249 διὰ
812 1192 914 1265 τὴν
930 1194 1278 1265 ἐπιτήδευσιν
1299 1194 1535 1250 ἑκάστου
1553 1192 1735 1263 πράγ-

0 1302 3 1306 ·
56 1297 224 1347 ματος
252 1281 408 1346 ἔσχεν
436 1279 496 1332 ἐν
526 1283 594 1348 τῇ
625 1283 774 1349 ψυχῇ
803 1274 832 1331 ὁ
863 1275 1177 1344 ἄνθρωπος.
1214 1273 1438 1332 ἐπειδᾶν
1467 1268 1574 1330 οὖν
1602 1272 1735 1345 ἄφί-

55 1377 262 1411 κωνται
280 1356 428 1426 παρὰ
457 1355 556 1413 τὸν
576 1357 864 1429 δικαστήν,
889 1361 946 1413 οἱ
960 1358 1062 1428 μὲν
1082 1360 1141 1413 ἐκ
1161 1363 1257 1429 τῆς
1271 1355 1450 1422 Ἀσίας
1469 1356 1616 1426 παρὰ
1635 1353 1736 1411 τὸν
1764 1372 1798 1415 Ε

0 1492 4 1500 ,
45 1433 464 1509 Ῥαδάμανθυν,
502 1437 531 1493 ὁ
559 1437 944 1510 Ῥαδάμανθυς
962 1443 1208 1504 ἐκείνους
1227 1439 1518 1511 ἐπιστήσας
1536 1444 1734 1494 θεᾶται

0 1548 9 1656 ἱ

0 1538 6 1542 ·
58 1517 292 1575 ἑκάστου
312 1518 416 1591 τὴν
432 1521 643 1591 ψυχήν,
665 1520 770 1576 οὐκ
792 1520 950 1586 εἰδώς
968 1520 1103 1577 ὅτου
1122 1524 1286 1590 ἐστίν,
1307 1519 1447 1576 άλλά
1469 1520 1734 1584 πολλάκις

56 1606 159 1655 τοῦ
195 1600 441 1671 μεγάλου
477 1605 746 1673 βασιλέως
781 1602 1174 1673 ἐπιλαβόμενος
1202 1599 1239 1673 ἢ
1275 1601 1451 1657 ἄλλου
1490 1599 1730 1656 ὁτουοῦν

59 1683 326 1752 βασιλέως
344 1678 380 1753 ἦ
410 1682 690 1738 δυνάστου
717 1687 967 1739 κατεῖδεν
983 1681 1152 1739 οὐδὲν
1168 1681 1317 1753 ὑγιὲς
1337 1679 1405 1739 ὂν
1427 1690 1516 1754 τῆς
1534 1687 1729 1752 ψυχῆς,

57 1762 198 1819 ἀλλὰ
230 1768 808 1838 διαμεμαστιγωμένην
837 1768 929 1822 καὶ
962 1764 1150 1822 οὐλῶν
1176 1765 1385 1836 μεστὴν
1413 1764 1522 1821 ὑπὸ
1545 1767 1733 1836 ἐπιορ-

58 1851 197 1901 κιῶν
226 1848 317 1902 καὶ
345 1845 584 1919 α’δικίας,
623 1846 660 1903 ἃ
685 1848 882 1918 ἑκάστη
914 1846 946 1918 ἡ
977 1849 1167 1917 πρᾶξις
1197 1844 1375 1902 αὐτοῦ
1393 1846 1732 1917 ἐξωμόρξατο
1763 1862 1848 1911 525

59 1931 138 1991 εἰς
165 1926 269 1998 τήν
296 1930 507 2000 ψυχήν,
548 1931 638 1985 καὶ
668 1929 847 1985 πάντα
877 1928 1069 1985 σκολιοὶ
1091 1926 1200 1984 ὑπὸ
1221 1928 1466 1995 ψεύδους
1484 1929 1575 1983 καὶ
1594 1926 1734 1983 άλα-

59 2011 269 2074 tou-stag
287 2011 378 2066 καὶ
397 2008 565 2067 οὐδὲν
582 2009 731 2067 εὐθὺ
753 2009 841 2066 διὰ
860 2009 922 2067 τὸ
942 2010 1080 2066 ἄνευ
1098 2009 1360 2081 άληθείας
1379 2009 1704 2079 τεθράφθαι
1719 2028 1730 2040 ·

58 2090 151 2145 καὶ
186 2088 295 2146 ὑπὸ
332 2094 580 2157 ἐξουσίας
618 2094 709 2148 καὶ
747 2099 962 2163 τρυφῆς
990 2094 1080 2147 καὶ
1110 2091 1325 2163 ὕβρεως
1353 2092 1445 2146 καὶ
1474 2088 1734 2158 ἆκρατίας

57 2176 170 2225 τῶν
199 2171 455 2239 πράξεων
482 2171 851 2244 ἀσυμμετρίας
878 2195 935 2229 τε
960 2174 1052 2228 καὶ
1081 2172 1432 2243 αἰσχρότητος
1451 2174 1734 2243 γέμουσαν

56 2251 163 2322 τὴν
196 2252 381 2323 ψυχὴν
429 2253 597 2309 εἶδεν·
646 2255 783 2310 ἰδών
828 2255 886 2311 δὲ
930 2252 1133 2324 ἀτίμως
1168 2256 1375 2324 ταύτην
1411 2252 1734 2323 ἀπέπεμψεν

59 2330 207 2388 εὐθὺ
225 2341 320 2404 τῆς
339 2341 609 2404 φρουροῖς,
630 2332 690 2392 οἷ
702 2337 885 2406 μέλλει
897 2338 1142 2391 ἐλθοῦσα
1159 2333 1462 2405 α’νατλῆναι
1477 2332 1542 2389 τὰ
1563 2353 1732 2404 προς-

7 2473 31 2499 Ι,
57 2413 264 2485 ήκοντα
285 2414 455 2486 πάθη.

197 2501 423 2552 Lxxxl.
495 2496 775 2567 Προσήκει
823 2498 880 2552 δὲ
917 2498 1080 2552 παντὶ
1115 2503 1190 2570 τῷ
1229 2499 1290 2552 ἐν
1325 2493 1731 2568 τιμωρίᾳ.ὅντι,
1761 2511 1792 2553 Β

15 2597 21 2603 ·
59 2571 159 2631 ὑπ’
182 2575 357 2635 ἄλλον
377 2576 565 2647 ὀρθῶς
583 2580 994 2651 τιμωρουμένῳ,
1016 2573 1055 2648 ἦ
1073 2583 1311 2649 βελτίονι
1330 2583 1623 2648 γίγνεσθαι
1642 2578 1733 2632 καὶ

59 2654 358 2716 ὀνίνασθαι
394 2655 431 2730 ἦ
477 2663 870 2730 παραδείγματι
906 2670 1019 2724 τοῖς
1055 2658 1240 2723 ἄλλοις
1272 2664 1590 2729 γίγνεσθαι,
1638 2660 1732 2713 ἵνα

0 2744 4 2834 ι
23 2779 32 2827 g
58 2735 219 2794 ἄλλοι
238 2737 475 2810 ὁρῶντες
490 2741 768 2811 πάσχοντα
790 2737 823 2794 ἃ
839 2736 911 2794 ἄν
930 2741 1110 2813 πάσχῃ
1127 2740 1472 2813 φοβούμενοι
1483 2744 1733 2812 βελτίους

55 2823 368 2889 γίγνωνται.
395 2824 496 2878 εἰσὶ
516 2823 574 2879 δὲ
595 2825 652 2878 οἰ
665 2823 767 2892 μὲν
788 2820 1170 2907 ὥφελούμενοί
1183 2844 1240 2878 τε
1259 2824 1348 2878 καὶ
1367 2826 1526 2893 δίκην
1545 2819 1732 2876 διδόν-
