1962 3112
400 27 448 39 --ὒ-ὴλ

208 77 313 129 216
816 76 1288 126 ΠΛΑΤΩΝΟΣ
1823 89 1879 134 18

351 216 475 267 Σῼ.
527 207 685 266 Ἀλλὰ
705 210 833 281 μήν,
857 203 902 264 ώ
920 214 1258 281 Καλλίκλεις,
1279 211 1341 266 τό
1361 210 1409 282 γ’
1431 210 1566 283 ε’μόν
1584 211 1750 270 οὐδὲν
1767 237 1880 271 κω-

209 293 358 364 λύει,
380 301 530 361 εἴπερ
551 294 729 347 ἐθέλει
747 296 999 361 Γοργίας.

348 381 504 432 ΓΟΡ.
543 371 790 444 Αἰσχρόν
809 371 875 444 δὴ
897 370 957 428 τὸ
982 373 1197 443 λοιπόν,
1222 366 1267 427 οἶ
1283 373 1606 447 Σώκρατες,
1631 382 1876 447 γίγνεται

208 459 303 527 ἐμέ
319 478 380 526 γε
401 453 472 527 μὴ
495 457 735 526 ἐθέλειν,
770 451 945 510 αὐτὸν
965 453 1430 525 ἐπαγγειλάμενον
1449 458 1664 530 ε’ρωτᾷν
1681 456 1715 512 ὅ
1731 480 1782 513 τι
1799 480 1880 523 τις

143 540 176 582 Ε
208 539 478 610 βούλεται.
534 534 646 593 ἀλλ’
671 541 721 592 εἰ
748 539 902 591 δοκεῖ
927 541 1196 606 τουτοισί,
1239 539 1496 606 διαλέγου
1515 558 1573 592 τε
1593 538 1682 592 καὶ
1703 538 1879 609 ἐρώτα

208 619 242 675 δ’
258 642 307 674 τι
326 619 531 691 βούλει.

351 705 474 756 ΣΩ.
516 698 721 755 ’Ἀκουε
741 699 828 769 δή,
853 692 898 753 03
917 703 1122 769 Γοργία
1135 741 1149 767 ,
1171 696 1207 753 ὁὶ
1225 700 1490 770 θαυμάζω
1511 702 1572 755 ἐν
1592 711 1703 765 τοῖς
1721 707 1881 771 λεγο-

208 784 392 853 μένοις
419 778 529 837 ὑπό
562 787 694 837 σοῦ·
743 789 873 846 ἴσως
895 781 1002 851 γάρ
1033 802 1116 836 τοι
1147 787 1250 836 σοῦ
1281 780 1468 852 ὀρθῶς
1500 785 1753 852 λέγοντος
1773 781 1878 853 ἐγώ

210 862 314 921 οὐκ
344 863 532 933 ὀρθῶς
560 862 954 936 ὑπολαμβάνω.
1011 861 1308 933 ῥητορικὸν
1340 862 1450 935 φῂς
1479 876 1653 918 ποιεῖν
1693 859 1807 928 οἷός
1837 861 1879 918 τ’

212 943 352 1000 εἶναι
365 988 378 1013 ,
402 944 499 1000 ἐάν
516 968 595 1009 τις
613 945 879 1016 βούληται
900 943 1047 1012 παρὰ
1068 951 1172 999 σοῦ
1195 945 1539 1014 μανθάνειν;

349 1031 403 1081 Γ
400 1032 505 1081 ΟΡ.
543 1032 671 1081 Ναί.

351 1113 472 1163 ΣΩ.
516 1106 743 1163 Οὐκοῦν
781 1111 903 1177 περὶ
939 1109 1164 1163 πάντων
1204 1106 1324 1164 ὥστ’
1365 1112 1425 1164 ἐν
1461 1107 1602 1182 ὄχλῳ
1636 1108 1881 1165 πιθανὸν

211 1187 350 1245 εἶναι
370 1188 437 1245 οὐ
461 1190 792 1246 διδάσκοντα
808 1189 946 1246 ἀλλὰ
967 1196 1261 1259 πείθοντας

90 1282 182 1332 469
351 1278 507 1328 ΓΟΡ.
546 1271 712 1327 Πάνυ
731 1273 834 1343 μὲν
855 1265 975 1327 οὖν.

353 1358 478 1409 Σῼ.
524 1352 739 1424 Ἕλεγές
765 1375 849 1408 τοι
877 1361 987 1410 νῦν
1017 1353 1083 1425 δὴ
1110 1353 1196 1410 ὅτι
1226 1355 1316 1409 καὶ
1345 1355 1469 1425 περὶ
1502 1360 1601 1410 τοῦ
1632 1351 1882 1423 ὑγιεινοῦ

209 1438 310 1488 τοῦ
331 1437 524 1502 ἰατροῦ
543 1434 922 1505 πιθανώτερος
939 1439 1087 1490 ἔσται
1108 1433 1136 1491 ὁ
1158 1435 1355 1508 ῥήτωρ.

350 1521 507 1571 ΓΟΡ.
545 1519 654 1572 Καὶ
674 1516 780 1589 γάρ
803 1522 1021 1588 ἔλεγον,
1042 1523 1103 1573 ἔν
1121 1540 1183 1589 γε
1203 1518 1363 1591 ὄχλῳ.

350 1603 473 1654 ΣΩ.
515 1596 746 1654 Οὐκοῦν
760 1598 820 1655 τὸ
843 1602 901 1655 ἐν
918 1600 1062 1674 ὄχλῳ
1078 1599 1243 1656 τοῦτο’
1259 1601 1422 1669 ἐστιν,
1438 1601 1496 1655 ἐν
1514 1611 1625 1665 τοῖς
1642 1597 1714 1670 μὴ
1738 1598 1882 1654 εἰδό-

211 1697 333 1747 σιν;
370 1679 438 1735 οὐ
458 1681 563 1750 γὰρ
595 1680 776 1752 δήπου
796 1687 858 1737 ἔν
877 1705 938 1752 γε
957 1695 1070 1747 τοῖς
1100 1680 1274 1738 εἰδόσι
1291 1687 1392 1737 τοῦ
1413 1686 1605 1753 ἰατροῦ
1625 1681 1882 1737 πιθανώ-

208 1781 363 1832 τερος
383 1766 547 1816 ἔσται.

347 1848 503 1898 ΓΟΡ.
535 1840 740 1916 Ἀληθῆ
757 1848 942 1913 λέγεις.

349 1928 473 1978 Σῼ.
515 1923 742 1979 Οὐκοῦν
772 1933 924 1993 εἴπερ
950 1930 1051 1980 τοῦ
1082 1930 1278 1994 ἰατροῦ
1306 1923 1686 1993 πιθανώτερος
1715 1929 1880 1996 ἔσται,

211 2011 314 2059 τοῦ
333 2005 540 2070 εἰδότος
560 2006 936 2078 πιθανώτερος
954 2012 1223 2077 γίγνεται;

350 2094 506 2145 ΓΟΡ.
539 2090 705 2145 Πάνυ
722 2112 799 2161 γε.

352 2177 476 2227 Σῼ.
519 2172 637 2228 Οὐκ
660 2173 845 2245 ἰατρός
862 2195 924 2243 γε
946 2172 1025 2229 ὤν
1040 2194 1050 2206 ·
1087 2167 1125 2244 ἦ
1142 2174 1276 2243 γάρ;

152 2271 182 2311 Β
355 2257 510 2308 ΓΟΡ.
547 2258 675 2307 Ναί.

352 2339 475 2389 ΣΩ.
525 2331 582 2388 Ὁ
605 2333 672 2387 ,δὲ
700 2331 772 2404 μὴ
798 2334 984 2402 ἰατρός
1014 2356 1075 2405 γε
1108 2335 1288 2405 δήπου
1322 2333 1706 2406 ἀνεπιστήμων
1742 2328 1822 2390 ών
1850 2333 1877 2390 ὁ

213 2413 397 2484 ἰατρὸς
418 2415 747 2486 ἐπιστήμων.

352 2502 506 2552 ΓΟΡ.
545 2503 738 2567 Δῆλον
757 2496 855 2552 ὅτι.

355 2584 479 2633 ΣΩ.
519 2576 578 2635 ‘0
601 2578 705 2634 οὐκ
737 2578 894 2643 εἰδώς
924 2578 1033 2648 ἄρα
1052 2587 1154 2634 τοῦ
1174 2579 1381 2644 εἰδότος
1399 2583 1458 2634 ἐν
1477 2577 1580 2634 οὐκ
1602 2578 1772 2634 εἰδόσι
1792 2600 1882 2634 πι-

214 2659 535 2727 θανώτερος
551 2664 700 2715 ἔσται
713 2702 727 2729 ,
750 2660 884 2716 ὅταν
905 2658 933 2715 ὁ
964 2662 1146 2733 ῥήτωρ
1167 2667 1268 2717 τοῦ
1290 2667 1482 2729 ἰατροῦ
1504 2667 1881 2734 πιθανωτερος

216 2735 266 2813 ᾖ.
306 2747 470 2795 τοῦτο
491 2746 780 2812 συμβαίνει
798 2736 835 2811 ἦ
854 2740 986 2796 ἄλλο
1006 2764 1077 2812 τι;
