1962 3112
213 145 319 196 450
823 150 995 196 HAA
1013 151 1301 201 ΤΩΝΟΣ
1351 212 1354 214 Α
1829 167 1892 211 88
1930 123 1941 137 ‘

216 277 527 350 ὑπηρετεῖν,
551 279 730 353 τούτῳ
752 279 1080 346 ἀπειπόντες
1098 285 1503 356 ἐδυστύχησαν·
1527 311 1608 343 ων
1627 293 1684 345 οἱ
1697 293 1887 363 ἐχθροὶ

215 363 306 417 και
322 362 875 433 προσπολεμῆσαντες
892 369 1058 419 πλείω
1075 369 1334 420 ἔπαινον’
1314 372 1499 437 ε’χουσι
1518 373 1888 445 σωφροσύνης

213 447 304 500 καὶ
326 443 522 515 ἀρετῆς
540 441 576 514 η’
596 451 709 499 τῶν
731 445 919 500 άλλων
939 450 995 502 οἰ
1010 453 1190 517 φίλοι·
1229 452 1420 506 πολλοὶ
1451 448 1505 505 δ’
1537 454 1596 507 ἐν
1614 466 1730 519 ταῖς
1745 477 1887 510 ναυ-

212 533 426 598 μαχιάις
454 539 570 591 ταῖς
599 526 736 582 καθ’
770 526 1198 602 Ελλήσποντον,
1236 539 1335 605 μιᾷ
1361 534 1462 602 μὲν
1496 532 1671 608 ἡμέρᾳ
1708 539 1888 603 πάσας

152 622 181 662 Β
215 610 311 674 τάς
347 618 460 665 τῶν
495 617 771 681 πολεμίων
807 612 1022 676 ἑλόντες
1058 619 1222 683 ναῦς,
1261 613 1467 680 πολλὰς
1504 620 1562 671 δὲ
1598 620 1687 674 καὶ
1718 618 1887 685 ἄλλας

210 692 559 763 νικήσαντες·
599 691 631 747 ὂ
660 692 712 748 δ’
747 692 901 748 εἷπον
931 694 1116 750 δεινὸν
1141 699 1231 751 καὶ
1252 695 1579 753 ἀνέλπιστον
1598 707 1699 754 τοῦ
1719 704 1886 757 πολέ-

211 796 322 844 μου
357 779 622 845 γενέσθαι
636 817 650 843 ,
687 777 814 831 τόδε
850 784 991 846 λέγω
1028 775 1090 832 τὸ
1129 782 1204 841 εἰς
1239 785 1508 833 τοσοῦτον
1547 787 1885 849 φιλονεικίας

212 860 399 913 ἐλθεῖν
417 859 556 926 πρὸς
574 859 676 930 τὴν
696 860 860 915 πόλιν
870 859 1002 924 τοὺς
1021 859 1512 932 ἀλλους“”Ἐλληνας,
1530 861 1667 918 ὥστε
1679 870 1884 934 τολμῆ-

211 957 302 994 σαι
322 947 400 1014 τῷ
418 943 650 1015 ἐχθίστω
670 943 1217 1013 ἐπικηρυκεύσασθαι
1236 948 1472 1014 βασιλεῖ,
1504 941 1571 998 ὃν
1590 952 1752 1017 κοινῇ
1771 947 1883 1020 ἐξέ-

209 1029 384 1093 βαλον
404 1022 535 1093 μεθ’
558 1024 742 1095 ἡμῶν,
783 1029 893 1098 ἰδίᾳ
911 1031 1113 1080 τοῦτον
1140 1025 1307 1080 πάλιν
1318 1026 1646 1095 ἐπάγεσθαι,
1667 1028 1881 1099 βάρβα-

211 1127 313 1175 ρον
335 1105 704 1178 ἐφ’Ἕλληνας
717 1151 732 1178 ,
771 1111 863 1164 καὶ
883 1113 1247 1176 ξυναθροῖσαι
1268 1109 1354 1162 ἐπὶ
1372 1109 1475 1178 τήν
1490 1108 1656 1163 πόλιν
1673 1109 1882 1174 πάντας

152 1203 181 1244 C
200 1186 466 1258 Ἕλληνάς
493 1211 550 1243 τε
579 1191 670 1244 καὶ
697 1191 1030 1262 βαρβάρους.
1073 1183 1145 1244 οὗ
1163 1188 1228 1260 δὴ
1251 1192 1340 1244 καὶ
1360 1189 1599 1259 ἐκφανὴς
1619 1188 1879 1261 ἐγένετοὴ

211 1276 309 1339 τῆς
337 1270 549 1334 πόλεως
578 1270 731 1342 ῥώμη
761 1293 819 1326 τε
838 1274 929 1327 καὶ
948 1270 1127 1342 ἀρετή.
1166 1275 1436 1342 οἰομένων
1453 1272 1560 1342 γὰρ
1578 1271 1685 1342 ἤδη
1705 1271 1881 1342 αὐτὴν

210 1359 769 1422 καταπεπολεμῆσθαι
796 1355 887 1409 καὶ
918 1353 1341 1424 ἀπειλημμένων
1372 1358 1433 1408 ἐν
1450 1354 1747 1427 Μυτιλήνῃ
1766 1361 1879 1410 τῶν

208 1439 381 1502 νεῶν,
404 1435 789 1505 βοηθήσαντες
808 1434 1069 1505 ἑξήκοντα
1089 1445 1291 1492 ναυσίν
1305 1480 1319 1507 ,
1343 1435 1499 1492 αὐτοὶ
1521 1437 1783 1508 ἐμβάντες
1803 1443 1877 1501 εἰς

207 1512 303 1578 τὰς
323 1521 487 1583 ναῦς,
520 1517 610 1570 καὶ
641 1514 839 1584 ἄνδρες
856 1517 1148 1588 γενόμενοι
1171 1518 1628 1590 ὁμολογουμένως
1649 1518 1877 1590 ἄριστοι,

209 1597 532 1668 νικήσαντες
560 1597 663 1667 μὲν
681 1596 812 1662 τοὺς
831 1606 1150 1673 πολεμίους,
1183 1603 1484 1673 λυσάμενοι
1504 1602 1562 1656 δὲ
1582 1601 1710 1666 τοὺς
1730 1607 1879 1671 φιλί-

208 1701 332 1748 ους,
374 1677 604 1744 ἀναξίου
632 1680 798 1750 τύχης
826 1682 1108 1754 τυχόντες,
1147 1683 1251 1739 οὐκ
1284 1684 1671 1753 ἀναιρεθέντες
1696 1686 1756 1739 ἐκ
1784 1690 1879 1754 τῆς

205 1761 484 1832 θαλάττης
519 1774 724 1816 κεῖνται
754 1763 973 1818 ἐνθάδε.
1032 1760 1112 1820 ὦν
1139 1762 1240 1836 χρὴ
1276 1765 1358 1821 ἀεὶ
1377 1772 1701 1837 μεμνῆσθαί
1716 1788 1772 1821 τε
1789 1768 1878 1821 καὶ

142 1860 178 1900 D
206 1846 472 1899 ἐπαινεῖν·
493 1850 563 1915 τῇ
580 1844 681 1913 μὲν
696 1842 805 1914 γάρ
826 1847 1053 1901 ἐκείνων
1072 1846 1239 1919 ἀρετῇ
1259 1849 1591 1918 ἐνικήσαμεν
1611 1847 1679 1903 ού
1703 1849 1877 1918 μόνον

204 1925 306 1998 τὴν
325 1927 447 1982 τότε
467 1932 793 1997 ναυμαχίαν,
824 1926 962 1983 ἀλλὰ
986 1933 1072 1984 καὶ
1096 1929 1194 1985 τὸν
1213 1929 1384 1986 ἄλλον
1403 1930 1646 2000 πόλεμον
1661 1951 1671 1961 ·
1712 1931 1878 1995 δόξαν

202 2011 309 2079 γὰρ
331 2009 406 2065 δι’
428 2007 683 2080 αὐτούςὴ
711 2010 868 2076 πόλις
888 2016 1005 2081 ἔσχε
1024 2013 1098 2083 μή
1119 2012 1242 2068 ποτ’
1265 2009 1336 2067 ἄν
1355 2019 1878 2084 καταπολεμηθῆναι
1961 2071 1962 2074 ,

203 2092 334 2163 μηδ’
367 2091 479 2148 ὑπὸ
518 2094 744 2148 πάντων
773 2093 1118 2166 ἀνθρώπων·
1159 2097 1252 2150 καὶ
1280 2093 1463 2166 ἀληθῆ
1496 2099 1671 2160 ἔδοξε·
1708 2103 1777 2168 τῇ
1814 2100 1873 2150 δὲ

202 2172 438 2249 ἡμετέρα
457 2174 643 2231 αὐτῶν
664 2180 906 2250 διαφορᾷ
926 2179 1307 2250 ἐκρατήθημεν
1321 2222 1334 2247 ,
1374 2177 1474 2250 οὐχ
1502 2177 1612 2234 ὑπὸ
1643 2185 1756 2234 τῶν
1775 2178 1875 2234 άλ-

202 2265 339 2312 λων·
383 2257 636 2330 ἀήττητοι
663 2257 770 2328 γάρ
798 2263 875 2314 ἔτι
903 2262 995 2316 καὶ
1027 2268 1134 2316 νῦν
1174 2259 1287 2315 ὑπό
1331 2283 1393 2331 γε
1430 2264 1657 2316 ἐκείνων
1692 2263 1873 2331 ἐσμέν,

201 2341 356 2413 ἡμεῖς
387 2342 444 2399 δὲ
474 2341 632 2397 αὐτοὶ
659 2340 802 2413 ἡμᾶς
844 2341 1049 2407 αὐτοὺς
1088 2346 1179 2399 καὶ
1217 2345 1545 2415 ἐνικήσαμεν
1582 2345 1671 2398 καὶ
1707 2341 1873 2413 ἡττή-

137 2435 171 2481 Ε
201 2433 397 2494 θημεν.
447 2423 582 2495 μετά
621 2423 678 2479 δὲ
713 2431 886 2478 ταῦτα
922 2424 1149 2497 ἡσυχίας
1185 2428 1483 2497 γενομένης
1521 2428 1612 2481 καὶ
1654 2427 1873 2497 εἰρήνης
1952 2452 1955 2455 ⁴

202 2506 341 2576 πρὸς
371 2506 503 2572 τοὺς
527 2506 756 2578 ἄλλους,
794 2505 822 2562 ὁ
848 2513 1044 2573 οἰκεῖος
1062 2507 1193 2580 ἡμῖν
1221 2510 1460 2580 πόλεμος
1479 2507 1656 2573 οὕτως
1681 2511 1873 2564 ἐπολε-

202 2589 383 2659 μήθη,
427 2589 564 2644 ὥστε
585 2598 735 2658 εἴπερ
757 2593 1088 2661 εἱμαρμένον
1115 2601 1197 2663 εἴη
1218 2591 1539 2663 ἀνθρώποις
1560 2591 1868 2661 στασιάσαι,

201 2668 274 2740 μὴ
298 2666 369 2723 ἄν
390 2669 567 2734 ἄλλως
587 2671 854 2736 εὔξασθαι
874 2676 1081 2743 μηδένα
1101 2674 1265 2729 πόλιν
1294 2676 1496 2729 ἑαυτοῦ
1524 2680 1769 2743 νοσῆσαι.
1810 2677 1869 2727 ἔκ

199 2774 258 2806 τε
298 2751 406 2822 γὰρ
444 2758 544 2807 τοῦ
580 2757 880 2821 Πειραιέως
918 2758 1009 2810 καὶ
1038 2763 1139 2811 τοῦ
1171 2756 1361 2820 ἄστεος
1393 2753 1465 2819 ὥς
1494 2753 1744 2825 ἀσμένως
1780 2759 1870 2810 καὶ
1961 2820 1962 2825 ¹

200 2839 412 2898 οἰκείως
441 2831 697 2906 ἀλλήλοις
729 2836 1026 2906 συνέμιξαν
1055 2841 1111 2891 οἰ
1139 2845 1354 2892 πολῖται
1381 2839 1471 2892 καὶ
1505 2837 1639 2906 παρ’
1677 2840 1868 2893 ἐλπίδα
