1962 3112
9 111 14 115 ’
106 144 166 191 2⁷
603 98 911 184 ῑΠΠιΛΣ
934 94 1216 184 ’ΜΕΙΖΩ
1227 136 1296 185 Ν.
1681 134 1789 188 389

251 276 350 327 ΠΙ.
402 274 588 325 Ταῦτα
619 267 670 325 δ’
691 277 849 340 ἴσως,
890 262 939 324 αἶ
963 268 1288 338 Σώκρατες,
1324 264 1435 324 κάν
1465 269 1786 342 παραλάθοι

107 354 206 410 τὸν
226 351 548 425 ἄνθρωπον.

4 448 9 452 ’
249 440 374 491 ΣΩ.
415 434 516 490 Md
538 432 641 490 τὸν
659 432 832 504 κύνα,
867 426 914 489 ὦ
938 433 1148 502 Ἱππία,
1182 432 1282 506 οὐχ
1300 433 1371 491 ὅν
1387 432 1433 505 γ’
1456 431 1530 491 ἄν
1548 435 1653 508 ἐγώ
1674 436 1786 508 μάν

107 515 240 576 λιστ’
260 523 627 589 αἰσχυνοίμην
659 522 850 587 ληρῶν
883 518 976 573 καὶ
1005 517 1487 588 προσποιούμενός
1523 541 1575 573 τι
1603 520 1787 588 λέγειν

107 602 281 673 μηδὲν
302 604 495 672 λέγων.

249 690 352 741 ΙΠ.
404 689 542 740 Τίνα
559 688 787 747 τοῦτον;

250 772 377 823 ΣΩ.
429 766 705 837 Σωκράτη
723 764 825 822 τόν
843 771 1274 837 Σωφρονίσκου,
1297 761 1358 830 ὃς
1377 766 1494 835 ἐμοὶ
1527 763 1695 821 οὐδὲν
1713 761 1788 821 ὅίν

109 854 324 920 μᾶλλον
341 856 516 904 ταῦτα
544 849 822 918 ἐπιτρέποι
853 847 1195 921 ἀνερεύνητα
1223 847 1358 903 ὄντα
1378 850 1581 921 ῥᾳδίως
1602 849 1786 918 λέγειν
1815 863 1848 906 c

107 928 144 1003 ἦ
163 929 236 997 ὡς
254 930 437 1009 εἰδότα
456 928 491 986 ἃ
508 931 583 1002 μὴ
605 929 741 986 οἶδα,

247 1022 348 1072 ΙΠ.
398 1012 560 1071 Ἀλλὰ
590 1014 703 1086 μὴν
729 1020 913 1085 ἔμοιγε
943 1019 1035 1070 καὶ
1076 1014 1255 1090 αὐτῷ,
1290 1013 1476 1086 ἐπειδὴ
1514 1013 1586 1070 σὺ
1620 1012 1784 1084 εἶπες,

15 1159 29 1170 ,Α
109 1102 266 1155 δοκεῖ
276 1120 328 1153 τι
347 1096 482 1153 ἄλλο
499 1096 643 1153 εἰναι
660 1103 825 1154 τοῦτο
844 1097 906 1153 τὸ
928 1100 1052 1167 περὶ
1071 1096 1202 1163 τούς
1220 1097 1446 1168 νόμους.

9 1190 16 1198 ’
248 1186 426 1236 XXIII.
500 1186 627 1236 ΣΩ.
666 1178 772 1250 ”Εχ’
802 1178 1007 1254 ἡσυχῇ,
1056 1176 1099 1237 ὦ
1125 1179 1330 1236 Ἱππία·
1379 1177 1789 1249 κινδυνεύομεν

3 1251 6 1308 Ϊ
107 1263 217 1335 γάρ
237 1285 321 1319 τοι
340 1265 400 1319 ἐν
418 1270 487 1336 τῇ
506 1261 650 1335 αὐτῇ
669 1265 1083 1334 ἐμπεπτωκότες
1101 1263 1307 1337 ἀπορίᾳ
1325 1264 1451 1335 περὶ
1468 1267 1570 1318 τοῦ
1590 1267 1785 1332 καλοῦ,

110 1348 169 1403 ἐν
186 1339 328 1419 ᾗπερ
347 1352 458 1402 νῦν
475 1347 573 1418 δή,
595 1354 815 1403 οἴεσθαι
833 1349 895 1402 ἐν
913 1345 1052 1420 ἄλλῃ
1072 1348 1179 1403 τινὶ
1202 1345 1436 1418 εὐπορίᾳ
1456 1344 1613 1400 εἶναι.

250 1436 351 1486 ΙΠ.
393 1436 522 1497 Πῶς
538 1438 704 1487 τοῦτο
722 1432 925 1502 λέγεις,
950 1424 996 1484 ω’
1018 1431 1341 1500 Σώκρατες;

249 1519 374 1569 ΣΩ.
427 1513 561 1584 Ἐγώ
583 1531 672 1571 σοι
691 1514 909 1584 φράσω,
931 1511 964 1568 ὅ
981 1517 1046 1582 γε’
1061 1535 1155 1583 μοι
1178 1517 1591 1583 καταφαίνεται,
1614 1515 1665 1567 εἰ
1681 1510 1789 1580 ἄρα

114 1597 157 1652 τὶ
182 1598 338 1667 λέγω.
393 1602 566 1651 ταῦτα
596 1596 700 1667 μὲν
735 1594 841 1666 γὰρ
873 1594 940 1650 τὰ
970 1595 1093 1662 περὶ
1123 1592 1254 1659 τοὺς
1283 1593 1493 1664 νόμους
1521 1613 1580 1647 τε
1609 1590 1788 1648 καὶτὰ
1818 1606 1856 1647 D

113 1677 514 1750 ἐπιτηδεύματα
540 1676 652 1749 τάχ’
672 1674 748 1735 ἄν
779 1682 982 1750 φανείη
1014 1674 1118 1732 οὐκ
1140 1675 1294 1740 ἐκτὸς
1313 1675 1447 1731 ὄντα
1465 1682 1560 1747 τῆς
1582 1677 1788 1746 αἰσθή-

112 1778 275 1832 σεως,
312 1759 350 1833 ἢ
368 1760 458 1817 διὰ
479 1767 576 1833 τῆς
595 1759 766 1834 άκοῆς
785 1782 842 1816 τε
861 1761 955 1816 καὶ
985 1758 1167 1825 ὅψεως
1185 1756 1318 1830 ἡμῖν
1338 1752 1482 1814 οὖσα
1501 1758 1786 1830 τυγχάνει·

108 1842 225 1900 ἀλλ’
246 1842 638 1916 ὑπομείνωμεν
656 1848 862 1899 τοῦτον
879 1842 980 1898 τὸν
1002 1842 1198 1912 λόγον,
1236 1839 1297 1896 τό
1331 1839 1421 1896 διὰ
1441 1840 1659 1896 τούτων
1677 1838 1790 1913 ἡδὺ

20 1982 45 2002 t,
108 1926 285 1983 καλὸν
303 1925 469 1997 εἶναι,
500 1926 676 1998 μηδὲν
693 1926 755 1981 τὸ
776 1932 889 1981 ταῖν
911 1925 1102 1996 νόμων
1130 1928 1207 1989 εἰς
1235 1926 1406 1995 μέσον
1427 1924 1786 1995 παράγοντες.

110 2007 224 2066 ἀλλ’
249 2014 299 2066 εἰ
313 2008 456 2082 ἡμᾶς
476 2015 654 2078 ἔροιτο
674 2007 776 2066 εἶθ’
803 2002 994 2078 οὗτος,
1016 2005 1083 2063 ὂν
1103 2009 1272 2079 λέγω,
1298 2015 1404 2063 εἴτε
1424 2006 1589 2073 ἄλλος
1609 2006 1791 2072 ὁστις-

110 2095 242 2147 οῦν·
299 2098 353 2148 τί
371 2092 468 2164 δή,
507 2086 551 2147 ὦ
581 2090 761 2148 Ἱππία
790 2113 846 2147 τε
877 2092 969 2147 καὶ
984 2090 1307 2160 Σώκρατες,
1347 2088 1668 2160 ἀφωρίσατε
1687 2095 1792 2144 τοῦ

111 2170 272 2246 ἡδέος
289 2171 350 2229 τό
372 2173 547 2245 ταύτῃ
563 2170 702 2244 ἡδύ,
739 2165 778 2246 ᾖ
797 2176 1010 2243 λέγετε,
1052 2169 1225 2227 καλὸν
1256 2170 1423 2241 εἶναι,
1462 2169 1524 2227 τὸ
1561 2170 1621 2227 δὲ
1649 2170 1786 2227 κατὰ

110 2253 208 2321 τὰς
237 2254 406 2321 ἄλλας
437 2255 724 2326 αἰσθήσεις
755 2261 923 2310 σίτων
953 2278 1010 2312 τε
1042 2258 1132 2311 καὶ
1168 2262 1352 2310 ποτῶν
1391 2257 1483 2311 καὶ
1511 2262 1624 2311 τοῖν
1661 2255 1787 2324 περὶ
1819 2269 1854 2311 Ε

111 2335 443 2408 τάφροδίσια
473 2340 562 2393 καὶ
589 2331 763 2394 τᾶλλα
792 2338 972 2393 πάντα
999 2337 1064 2393 τὰ
1109 2344 1337 2393 τοιαῦτα
1374 2335 1447 2391 οὔ
1477 2358 1615 2408 φατε
1648 2335 1788 2392 καλοὶ

2 2502 6 2510 .
31 2445 36 2452 ·
113 2417 277 2482 εἷναις
312 2415 349 2491 ἦ
368 2418 497 2475 οὐδὲ
521 2416 683 2491 ἡδέα,
715 2418 847 2476 οὐδὲ
869 2418 1073 2491 ἡδονὰς
1092 2419 1154 2475 τὸ
1178 2420 1443 2489 παράπαν
1462 2422 1524 2475 ἐν
1543 2430 1656 2484 τοῖς
1673 2441 1791 2475 τοι-

110 2502 295 2568 ούτοις
315 2504 451 2573 φατὲ
472 2501 640 2572 εἰναι,
678 2500 802 2557 οὐδ’
826 2505 887 2558 ἐν
905 2502 1054 2577 ἄλλῳ
1075 2499 1111 2574 ἦ
1136 2509 1213 2577 τῷ
1245 2507 1383 2559 ἰδεῖν
1413 2525 1471 2559 τε
1502 2504 1592 2559 καὶ
1612 2499 1776 2559 ἀκοῦ-

110 2600 230 2653 σαι,
265 2592 320 2641 τί
336 2584 612 2656 φήσομεν,
636 2578 895 2650 ὦἸππίας

252 2674 352 2725 111.
393 2669 628 2733 Πάντως
655 2669 838 2739 δήπου
870 2666 1150 2740 φήσομεν,
1190 2661 1235 2723 ὦ
1253 2667 1579 2740 Σώκρατες,
1617 2669 1709 2724 καὶ
1727 2669 1788 2723 ἐν

19 2773 22 2783 ·
114 2760 225 2815 τοῖς
244 2748 430 2816 ἄλλοις
446 2751 687 2823 μεγάλας
707 2752 858 2807 πάνυ
876 2748 1082 2823 ἡδονὰς
1101 2749 1254 2806 εἶναι.

256 2837 377 2890 ΣΩ..
437 2840 507 2890 Τι’
531 2828 665 2906 οὖν,
705 2834 899 2906 φήσει,
940 2830 1143 2906 ἡδονάς
1172 2832 1345 2899 οὔσας
1374 2829 1541 2888 οὐδὲν
1569 2824 1737 2902 ἦττον
1757 2824 1794 2900 ἦ
