2020 3094
738 118 1043 166 ΛΑΧΗΣ.
1683 114 1750 164 41

76 249 299 307 σκάλων
325 253 750 322 τεχνικωτέρους
777 249 1077 321 γεγονότας
1105 253 1183 315 εἰς
1210 254 1329 306 ἔνια
1359 244 1396 319 ἦ
1424 246 1559 320 μετὰ
1596 251 1753 305 διδα-

76 334 323 398 σκάλων;

216 420 341 471 ΣΩι.
385 415 624 487 Ἔγωγε,
666 408 708 471 ὦ
730 415 912 485 Λάχης
925 435 937 445 ·
975 408 1058 477 οἷς
1091 434 1153 483 γε
1190 410 1262 467 σὺ
1299 410 1403 468 οὐκ
1431 409 1504 468 div
1538 415 1754 478 ἐθέλοις

75 506 394 568 πιστεῦσαι,
415 503 467 554 εἰ
483 511 648 569 φαῖεν
667 497 872 569 άγαθοὶ
893 494 1035 551 εἶναι
1056 499 1407 566 δημιουργοί,
1430 500 1481 551 εἰ
1495 494 1570 566 μή
1592 500 1647 551 τί
1663 513 1753 551 σοι

74 585 172 651 τῆς
190 578 380 636 αὐτῶν
396 583 587 652 τέχνης
608 586 774 651 ἔργον
793 584 969 650 ἔχοιεν
999 581 1257 644 ἐπιδεῖξαι
1286 572 1351 633 εὖ
1370 581 1750 650 εἰργασμένον,

75 663 166 718 καὶ
186 665 247 719 ἓν
267 665 358 719 καὶ
374 668 559 719 πλείω.

216 752 335 802 ΛΑ.
397 751 574 800 Τοῦτο
593 744 695 816 μὲν
712 742 899 815 ἀληθῆ
917 746 1103 814 λέγεις.

220 833 304 883 xl.
379 832 506 883 Σῼ.
562 827 671 882 Καὶ
689 822 833 897 ἡμᾶς
851 824 959 897 ἄρα
979 829 1087 896 δεῖ,
1110 819 1155 880 ὦ
1171 824 1355 895 Λάχης
1378 846 1436 880 τε
1453 828 1545 880 καὶ
1564 831 1751 897 Νικία,

75 907 262 980 ἐπειδὴ
277 915 590 979 Λυσίμαχος
608 909 699 963 καὶ
711 914 997 979 Μελησίας
1010 913 1086 972 εἰς
1103 904 1429 979 συμβουλὴν
1446 914 1754 977 παρεκαλε-

76 992 252 1062 σάτην
281 989 424 1062 ἡμᾶς
442 992 567 1061 περὶ
584 1002 704 1046 τοῖν
722 991 927 1060 υίέοιν,
957 989 1419 1061 προθυμούμενοι
1439 986 1631 1046 αὐτοῖν
1652 988 1685 1046 δ’
1702 1012 1755 1046 τι

76 1073 301 1143 α’ρίστας
317 1077 582 1144 γενέσθαι
601 1070 698 1138 τὰς
716 1073 894 1143 ψυχάς
906 1115 922 1142 ,
955 1078 1005 1129 εἰ
1021 1074 1125 1144 μέν
1143 1094 1328 1143 φαμεν
1345 1076 1514 1143 ἔχειν,
1553 1075 1754 1130 ἐπιδεῖ-

77 1162 163 1223 ξαι
183 1155 370 1221 αὐτοῖς
390 1158 479 1211 καὶ
500 1155 869 1221 διδασκάλους
897 1157 1094 1219 οἵτινες
1113 1151 1273 1225 ἡμῶν
1294 1155 1593 1225 γεγόνασιν
1606 1197 1622 1227 ,
1644 1160 1754 1210 *οἳ*

76 1238 233 1295 αὐτοὶ
251 1245 460 1308 πρῶτοι
479 1238 687 1309 ἀγαθοὶ
704 1236 861 1302 ὅντες
889 1238 979 1292 καὶ
1007 1243 1231 1292 πολλῶν
1249 1239 1392 1293 νέων
1409 1244 1753 1310 τεθεραπευ-

1785 669 1869 716 186

75 1322 233 1387 κότες
254 1320 434 1392 ψυχὰς
461 1325 643 1376 ἔπειτα
662 1322 752 1376 καὶ
770 1318 913 1391 ἡμᾶς
942 1318 1257 1385 διδάξαντες
1276 1326 1600 1391 φαίνονται·
1649 1316 1686 1392 ἦ
1707 1329 1757 1376 εἴ
1783 1337 1819 1379 Β

74 1428 157 1471 τις
181 1402 341 1477 ἡμῶν
370 1401 560 1460 αὐτῶν
583 1404 762 1477 ἑαυτῷ
792 1402 1127 1458 διδάσκαλον
1153 1400 1257 1473 μὲν
1284 1402 1356 1457 οὔ
1374 1421 1510 1475 φησι
1528 1406 1755 1474 γεγονέ-

75 1509 194 1558 ναι,
218 1484 332 1543 άλλ’
358 1479 464 1541 οὖν
482 1490 614 1555 ἔργα
635 1482 801 1549 αὐτὸς
821 1481 997 1539 αὑτοῦ
1020 1489 1128 1554 ἔχει
1148 1489 1322 1540 εἰπεῖν
1350 1486 1442 1541 καὶ
1474 1489 1752 1557 ἐπιδεῖξαι,

77 1576 221 1634 τίνες
235 1567 548 1640 Ἀθηναίων
566 1564 602 1639 ἢ
620 1574 735 1623 τῶν
754 1570 955 1636 ξένων,
995 1562 1033 1638 ἦ
1054 1570 1248 1623 δοῦλοι
1274 1563 1311 1638 ἦ
1331 1568 1648 1640 ἐλεύθεροι,
1686 1565 1751 1623 δι’

76 1655 294 1707 ἐκεῖνον
323 1651 782 1723 ὁμολογουμένως
809 1648 1014 1720 άγαθοὶ
1041 1651 1365 1720 γεγόνασιν·
1415 1656 1466 1707 εἰ
1493 1650 1554 1707 δὲ
1581 1651 1754 1723 μηδὲν

78 1734 210 1806 ἡμῖν
227 1734 445 1789 τούτων
473 1731 732 1804 ὑπάρχει,
767 1731 971 1797 ἄλλους
998 1733 1248 1788 κελεύειν
1279 1738 1456 1804 ζητεῖν
1478 1737 1570 1789 καὶ
1596 1732 1670 1805 μὴ
1693 1735 1755 1789 ἐν

77 1818 309 1887 ἑταίρων
345 1814 573 1887 ἀνδρῶν
617 1818 760 1871 υἱέσι
795 1815 1148 1872 κινδυνεύειν
1184 1819 1617 1888 διαφθείροντας
1651 1816 1755 1887 τὴν

76 1905 337 1971 μεγίστην
354 1903 535 1955 αἰτίαν
555 1903 697 1969 ἒχειν
714 1896 825 1954 ὑπὸ
846 1904 958 1954 τῶν
978 1898 1346 1954 οἰκειοτάτων.
1383 1898 1491 1970 ἐγώ
1514 1899 1617 1970 μὲν
1629 1893 1754 1970 οὖν,

77 1976 122 2038 ὦ
139 1984 425 2052 Λυσίμαχέ
449 2002 507 2037 τε
532 1983 623 2037 καὶ
640 1987 925 2052 Μελησία,
964 1986 1180 2050 πρῶτος
1206 1982 1330 2050 περὶ
1348 1983 1589 2052 ἐμαυτοῦ
1610 1983 1753 2051 λέγω

74 2063 160 2121 ὅτι
177 2063 507 2129 διδάσκαλός
525 2085 618 2134 μοι
638 2062 707 2119 οὐ
727 2066 920 2135 γέγονε
939 2064 1144 2119 τούτου
1164 2066 1303 2135 πέρι.
1353 2069 1531 2119 καίτοι
1550 2065 1752 2119 ἐπυθυ-
1782 2071 1815 2114 0

78 2152 167 2217 μῶ
197 2168 260 2216 γε
289 2153 392 2202 τοῦ
419 2146 738 2217 πράγματος
757 2149 815 2201 ἐκ
836 2149 969 2201 νέου
986 2144 1309 2217 ἀρξάμενος.
1365 2143 1505 2202 ἀλλὰ
1523 2156 1636 2210 τοῖς
1652 2144 1753 2217 μὲν

79 2239 367 2299 σοφισταῖς
385 2225 491 2283 οὐκ
509 2231 613 2297 ἔχω
632 2235 807 2284 τελεῖν
826 2228 1069 2299 μισθούς
1081 2270 1095 2297 ,
1126 2231 1283 2297 οἵπερ
1305 2227 1468 2299 μόνοι
1486 2229 1755 2298 ἐπηγγέλ-

78 2310 246 2367 λοντό
273 2332 339 2381 με
375 2307 485 2365 οἶοί
508 2308 549 2365 τ’
572 2308 712 2365 εἶναι
742 2317 970 2381 ποιῆσαι
998 2310 1172 2366 καλόν
1189 2332 1246 2366 τε
1264 2308 1545 2381 κάγαθόν·
1587 2307 1756 2375 αὐτὸς

78 2391 132 2450 δ’
153 2387 228 2448 αὖ
246 2390 434 2463 εὑρεῖν
452 2391 556 2463 τήν
573 2396 772 2463 τέχνην
790 2391 1051 2448 άδυνατῶ
1072 2398 1151 2449 ἔτι
1169 2398 1313 2449 νυνί.
1350 2398 1402 2449 εί
1418 2393 1478 2449 δὲ
1497 2396 1698 2458 Νικιας
1715 2388 1752 2463 ἢ

0 2505 5 2531 u
79 2475 262 2547 Λάχης
282 2474 520 2546 εὕρηκεν
549 2471 587 2545 ἢ
612 2475 966 2546 μεμάθηκεν,
1005 2473 1110 2532 οὐκ
1142 2471 1213 2532 ἂν
1239 2476 1616 2548 θαυμάσαιμι·
1660 2476 1754 2532 καὶ

4 2584 5 2593 ’
75 2558 183 2629 γὰρ
210 2558 483 2630 χρήμασιν
514 2560 650 2628 ἐμοῦ
681 2556 1079 2628 δυνατώτεροι,
1119 2557 1260 2614 ὥστε
1278 2566 1483 2629 μαθεῖν
1503 2556 1626 2627 παρ’
1650 2557 1752 2614 ἅλ-

0 2654 3 2681 ³
76 2649 217 2711 λων,
236 2643 327 2697 καὶ
346 2640 459 2712 ἅμα
481 2639 862 2712 πρεσβύτεροι,
885 2639 1023 2697 ὥστε
1042 2640 1148 2712 ἤδη
1169 2638 1478 2713 εὑρηκέναι.
1521 2644 1752 2696 δοκοῦσι

77 2725 145 2794 δή
184 2744 277 2794 μοι
313 2724 541 2778 δυνατοὶ
578 2721 718 2778 εἶναι
746 2726 1040 2779 παιδεῦσαι
1071 2722 1404 2794 ἄνθρωπον·
1455 2720 1525 2778 οὐ
1551 2721 1658 2793 γὰρ
1679 2721 1750 2777 ἅν
1782 2733 1816 2773 D

76 2826 207 2861 ποτε
230 2803 406 2871 ἀδεῶς
441 2804 815 2877 ἀπεφαίνοντο
846 2809 970 2876 περὶ
1001 2805 1446 2878 ἐπιτηδευμάτων
1473 2807 1579 2878 νέῳ
1616 2825 1750 2875 χρη-
