2020 3094
248 180 319 232 80
441 207 448 209 -
852 182 1327 231 ΠΛΑΤΩΝΟΣ

248 313 469 385 ἀγαθὸν
486 315 619 385 μήτε
639 314 812 370 κακὸν
828 320 994 385 φίλον
1010 313 1155 369 οὕτω
1175 316 1304 371 ποτὲ
1320 316 1652 388 γιγνόμενον
1663 324 1765 372 τοῦ
1781 316 1924 388 ἀγα-

246 401 376 451 θοῦ.
416 402 562 463 Πῶς,
582 389 618 466 ἦ
638 394 689 450 δ’
715 394 801 466 ὅς,
824 398 1022 466 λε’γεις;
1054 394 1215 451 Ἀλλὰ
1241 393 1316 466 μὰ
1335 402 1474 467 Δία,
1503 392 1574 468 ἦν
1595 395 1646 453 δ’
1672 398 1795 470 ἐγώ,
1818 396 1920 454 οὐκ

248 475 388 547 οἶδα,
421 475 560 533 ἀλλὰ
579 484 657 550 τῷ
676 475 798 532 ὄντι
817 474 984 541 αὐτὸς
1002 481 1215 547 ίλιγγιοό
1233 475 1341 533 ὑπὸ
1362 484 1457 549 τῆς
1473 486 1576 534 τοῦ
1593 478 1761 549 λόγου
1781 478 1924 535 ἀπο-

248 564 394 630 ρίας,
428 560 519 614 καὶ
537 558 852 613 κινδυνεύει
879 556 1017 613 κατὰ
1047 556 1151 630 τὴν
1170 557 1403 630 ἀρχαίαν
1422 566 1721 630 παροιμίαν
1739 559 1801 616 τὸ
1821 582 1923 616 κα-

249 637 349 695 λὸν
369 644 535 709 φίλον
555 638 709 695 εἶναι.
760 644 902 695 ἔοικε
921 646 1062 709 γοῦν
1083 647 1312 714 μαλακῷ
1331 642 1436 697 τινὶ
1457 643 1548 697 καὶ
1579 646 1706 715 λείῳ
1728 643 1818 698 καὶ
1838 648 1924 697 λι-

181 730 214 770 Ῑ)
248 728 407 796 παρςὸ
420 744 430 755 ·
473 721 557 778 διὸ
588 724 680 779 καὶ
717 730 848 787 ἴσως
881 723 1083 795 ῥᾳδίως
1115 726 1479 779 διολισθαίνει
1514 724 1605 779 καὶ
1641 723 1924 778 διαδύεται

246 802 412 876 ἡμᾶς,
447 802 542 860 ἅτε
572 810 826 860 τοιοῦτον
845 802 927 859 ὄν.
983 806 1125 874 λε’γω
1155 802 1264 875 γὰρ
1286 802 1544 874 τάγαθὸν
1564 803 1737 861 καλὸν
1757 804 1921 861 εἶναι·

249 885 321 942 σὺ
342 884 395 941 δ’
417 884 520 941 οὐκ
552 894 680 950 ocem
703 885 926 956 ’'Eymye.
982 889 1141 955 Λέγω
1171 891 1366 941 τοίνυν
1385 884 1920 958 ἀπομαντευόμενος,

247 975 348 1024 τοῦ
364 974 540 1024 καλοῦ
557 989 615 1023 τε
632 968 723 1023 καὶ
740 965 963 1037 ἀγαθοῦ
982 972 1148 1038 φίλον
1165 967 1305 1023 εἶναι
1322 968 1383 1023 τὸ
1404 968 1537 1038 μήτε
1554 965 1775 1039 ἀγαθὸν
1790 967 1922 1039 μήτε

249 1051 427 1106 κακόν
443 1071 455 1082 ·
490 1049 627 1121 πρὸς
646 1050 682 1104 ὁὶ
703 1049 762 1106 δὲ
781 1053 958 1119 λέγων
977 1050 1344 1120 μαντεύομαι,
1365 1047 1626 1104 ἄκουσον.
1664 1052 1820 1105 δοκεῖ
1831 1072 1925 1120 μοι

251 1131 485 1202 ὡσπερεὶ
503 1137 626 1201 τρία
645 1130 778 1187 ἅττα
800 1130 940 1187 εἶναι
958 1135 1088 1203 γένη
1104 1174 1118 1198 ,
1154 1130 1215 1187 τό
1238 1131 1338 1202 μὲν
1368 1129 1617 1203 ἀγαθόν,
1656 1131 1718 1186 τὸ
1742 1131 1802 1187 δὲ
1823 1154 1924 1187 κα-

248 1212 380 1282 κόν,
400 1211 458 1268 τὸ
489 1211 539 1267 δ’
574 1210 694 1268 οὔτ’
718 1211 940 1283 ἀγαθὸν
959 1212 1088 1269 οὔτε
1108 1213 1306 1269 κακόν·
1345 1220 1399 1268 τί
1417 1211 1475 1267 δὲ
1505 1217 1595 1267 σοί
1602 1235 1617 1278 ;
1654 1212 1764 1268 Καὶ
1783 1214 1922 1283 ἐμοί,

250 1299 371 1366 ἔφη.
417 1296 528 1351 Καὶ
556 1293 683 1350 οὔτε
711 1293 967 1366 τάγαθὸν
985 1293 1216 1370 τάγαθῷ
1237 1293 1366 1350 οὔτε
1386 1292 1448 1350 τὸ
1468 1292 1647 1350 κακὸν
1667 1300 1745 1367 τῷ
1764 1300 1916 1368 κακῷ

252 1375 380 1432 οὔτε
409 1374 664 1448 τάγαθόν
691 1384 769 1450 τῷ
797 1383 954 1450 κακῷ
982 1382 1150 1447 φίλον
1180 1376 1346 1447 εἶναι,
1385 1375 1569 1446 ὥσπερ
1606 1373 1732 1431 οὐδ’
1758 1372 1788 1431 ὁ
1826 1380 1924 1446 ἔμ-

248 1466 501 1528 προσθεν
522 1458 685 1528 λόγος
705 1462 796 1532 ἐᾷ·
817 1465 1056 1515 λείπεται
1076 1459 1171 1531 δή,
1194 1467 1345 1530 εἴπερ
1364 1458 1441 1530 τῷ
1461 1464 1514 1514 τί
1529 1461 1643 1513 ἐστι
1662 1453 1920 1528 φίλον,τό

248 1539 384 1611 μήτε
403 1537 627 1609 ἀγαθὸν
645 1539 778 1612 μήτε
797 1538 977 1596 κακὸν
999 1546 1166 1612 φίλον
1185 1541 1325 1598 εἶναι
1343 1537 1381 1613 ἦ
1401 1547 1505 1596 τοῦ
1524 1537 1746 1610 ἀγαθοῦ
1766 1534 1804 1610 ἦ
1821 1543 1921 1594 τοῦ

247 1622 504 1677 τοιούτου
524 1618 646 1679 οἷον
665 1621 804 1677 αὐτό
825 1625 988 1679 ἐστιν.
1049 1621 1118 1678 οὐ
1138 1622 1244 1693 γὰρ
1265 1622 1336 1679 ἄν
1355 1643 1464 1678 που
1483 1628 1560 1696 τῷ
1578 1625 1730 1692 κακῷ
1754 1627 1921 1690 φίλον

249 1703 322 1759 ἄν
350 1727 402 1759 τι
427 1706 658 1775 γε’νοιτο,
708 1703 930 1777 Ἀληθῆ.
989 1704 1135 1761 Οὐδὲ
1175 1705 1287 1777 μὴν
1315 1702 1375 1760 τό
1410 1701 1604 1774 ὅμοιον
1635 1708 1714 1777 τῷ
1750 1700 1923 1776 ὁμοίῳ

250 1790 460 1857 ἔφαμεν
489 1785 638 1855 ἄρτι·
673 1781 707 1858 ἦ
736 1787 870 1856 γάρ;
909 1793 1037 1842 Ναί.
1095 1785 1215 1843 Οὐκ
1234 1785 1341 1855 ἄρα
1369 1790 1518 1841 ἔσται
1538 1791 1617 1858 τῷ
1635 1784 1770 1855 μήτε
1787 1782 1920 1854 ἀγα-

247 1874 337 1941 θῷ
358 1869 494 1940 μήτε
510 1877 666 1943 κακῷ
684 1868 743 1926 τό
760 1876 1015 1925 τοιοῦτον
1034 1875 1201 1940 φίλον
1216 1864 1337 1924 οἷον
1358 1866 1510 1923 αὐτό.
1548 1865 1634 1922 Οὐ
1653 1871 1920 1937 φαίνεται.

254 1956 344 2025 Τῷ
374 1949 572 2024 ἀγαθῷ
593 1951 699 2021 ἄρα
718 1950 779 2008 τό
804 1951 937 2024 μήτε
966 1950 1190 2022 ἀγαθὸν
1218 1951 1353 2022 μήτε
1382 1949 1556 2006 κακὸν
1574 1948 1726 2023 μόνω
1746 1949 1925 2020 μόνον

134 2044 218 2090 217
246 2038 537 2105 συμβαίνει
555 2040 845 2105 γίγνεσθαι
866 2040 1044 2106 φίλον.
1082 2032 1320 2104 Ἀνάγκη
1334 2075 1349 2104 ,
1371 2030 1443 2097 ὡς
1463 2038 1655 2088 ἔοικεν.

389 2110 826 2185 XIV.A9'02321
845 2118 934 2173 καὶ
954 2122 1153 2186 καλῶς,
1174 2118 1246 2186 ἠν
1262 2113 1313 2171 δ’
1334 2114 1461 2186 ε’γεό,
1484 2108 1528 2170 ὦ
1547 2118 1751 2184 παῖδες,
1773 2111 1923 2184 ὑφη-

246 2208 421 2268 γεῖται
447 2196 581 2270 ἡμῖν
601 2196 661 2254 τὸ
695 2205 801 2255 νῦν
831 2199 1161 2270 λεγόμενον;
1196 2202 1247 2253 εἰ
1270 2204 1412 2269 γοῦν
1431 2200 1695 2267 θέλοιμεν
1724 2197 1922 2266 ἐννοῆ-

247 2295 340 2334 σαι
367 2278 428 2335 τὸ
460 2277 713 2351 ὑγιαινον
744 2288 927 2354 σωμα,
963 2280 1133 2338 οὐδεν
1161 2286 1406 2352 ἰατρικῆς
1437 2283 1607 2335 δεῖται
1626 2274 1750 2333 οὐδ’
1776 2300 1923 2348 ωφε-

245 2368 416 2427 λειας·
453 2365 658 2429 [κανῶς
686 2363 792 2435 γὰρ
812 2368 942 2436 ἔχει,
974 2363 1115 2419 ω’στε
1145 2362 1416 2434 ὑγιαίνων
1437 2360 1618 2426 οὐδεὶς
1637 2365 1808 2433 ίατρω
1827 2365 1924 2430 φί-
2006 2432 2007 2437 1

248 2450 343 2509 λος
362 2443 451 2499 διὰ
471 2447 572 2517 τὴν
587 2444 815 2516 ὑγίειαν.
863 2450 894 2519 ἦ
917 2469 1049 2518 γαρ;
1087 2445 1299 2513 Οὐδείς.
1348 2443 1484 2502 Ἀλλ’
1509 2443 1538 2500 ὁ
1562 2465 1817 2514 καμνων,
1841 2441 1923 2498 οἷ-
2005 2456 2007 2473 ’

247 2549 372 2597 μαι,
410 2525 499 2582 διὰ
520 2526 621 2599 τὴν
650 2529 839 2585 νόσον.
894 2534 1026 2594 Πως
1045 2528 1152 2601 γὰρ
1178 2529 1277 2598 οὕς
1311 2531 1501 2592 Νόσος
1517 2549 1619 2598 μεν
1640 2523 1705 2596 δὴ
1725 2525 1919 2595 κακόν,
2003 2532 2005 2566 ³

247 2611 462 2681 ἰατρικὴ
485 2614 544 2666 δὲ
564 2609 843 2683 ὠφέλιμον
864 2614 954 2668 καὶ
974 2610 1210 2682 ἀγαθόν.
1264 2616 1394 2668 Ναί.
1449 2616 1625 2680 Σῶμα
1647 2611 1712 2664 δέ
1725 2610 1792 2679 γε’
1808 2629 1918 2664 που

181 2695 215 2736 Β
244 2690 382 2746 κατὰ
415 2689 476 2747 τὸ
518 2700 675 2763 σῶμα
717 2692 855 2749 εἶναι
890 2692 1002 2750 οὔτ’
1034 2691 1258 2766 ἀγαθὸν
1293 2692 1420 2748 οὔτε
1456 2692 1645 2748 κακόν.
1708 2689 1916 2756 Οὕτως.
1998 2746 1999 2754 ,

237 2770 624 2844 Ἀναγκάζεται
643 2778 707 2831 δέ
721 2797 784 2846 γε
804 2783 961 2847 σῶμα
981 2775 1070 2833 διὰ
1102 2777 1275 2833 νόσον
1294 2773 1545 2847 ἰατρικὴν
1576 2773 1918 2841 ἀσπάζεσθαι
1996 2777 1998 2819 ἰ

245 2856 334 2911 καὶ
357 2863 550 2926 φιλεῖν.
606 2866 785 2914 Δοκεῖ
798 2880 905 2929 μοι.
968 2860 1043 2917 Τὸ
1072 2858 1207 2930 μήτε
1231 2856 1409 2913 κακὸν
1429 2856 1536 2927 ἄρα
1555 2854 1671 2929 μήτ’
1693 2854 1912 2928 ἀγαθὸν
