2020 3094
243 65 345 117 128
846 67 1020 113 HAA
1037 65 1317 114 Tszzvoz
1859 86 1918 130 40

246 205 420 253 ταῦτα
440 195 565 270 ἡγεῖ
579 197 649 254 σὰ
669 197 834 269 εἶναι,
875 191 954 253 ὧν
972 193 1044 253 ἂν
1063 195 1230 270 ἄρξῃς
1248 199 1337 254 καὶ
1359 200 1450 272 ἐξῇ
1471 217 1557 254 σοι
1579 197 1764 264 αὐτοῖς
1781 205 1914 270 χρῆ-

130 292 215 337 302
245 288 379 335 σθαι
397 279 430 335 ὅ
447 302 497 335 τι
515 276 587 336 ἂν
607 280 810 352 βούλῃ;
833 277 953 336 οἷον
971 286 1109 350 βοῦς
1129 281 1219 336 καὶ
1238 279 1533 352 πρόβατον,
1557 275 1636 352 ἆρ’
1662 276 1732 335 ὂὶν
1755 278 1911 351 ἡγοῖο

245 369 417 419 ταῦτα
438 361 508 418 σοὶ
528 361 668 418 εἶναι
682 405 696 432 ,
735 361 771 416 ἅ
792 381 879 417 σοι
897 364 1034 432 ἐξείη
1054 364 1144 418 καὶ
1164 361 1479 418 ἀποδόσθαι
1499 365 1588 420 καὶ
1609 367 1806 419 δοῦναι
1825 365 1913 418 καὶ

244 451 421 501 θῦσαι
439 444 547 519 ὅτῳ
567 445 796 516 βούλοιο
818 452 998 511 θεώνς
1036 442 1071 499 ὁὶ
1102 444 1153 499 δ’
1177 442 1248 500 ἂν
1278 446 1351 516 μὴ
1375 445 1549 511 οὕτως
1570 451 1690 519 ἔχῃ,
1730 444 1798 501 ού
1819 447 1913 511 σάς

246 527 400 599 κάγώ
416 571 431 599 ,
469 527 576 600 ᾔδη
601 526 706 597 γὰρ
737 525 822 581 ότι
851 530 903 591 ἐξ
923 525 1109 581 αὐτων
1139 528 1312 584 καλόν
1331 551 1381 584 τι
1401 528 1678 594 ανακύψοι
1699 526 1778 597 [τό
1801 535 1914 583 τῶν
2011 595 2020 604 .

248 609 663 681 ἐρωτηματων],
702 610 791 664 καὶ
811 607 923 679 ἅμα
953 609 1335 680 βουλόμενος
1314 610 1347 666 ό
1372 633 1424 666 τι
1442 608 1640 680 τάχιστ’
1661 608 1913 679 ἀκοῦσαι,
2010 614 2020 662 ’ἑ

247 694 413 748 Πάνυ
434 693 535 763 μὲν
554 695 687 760 οὐν,
729 696 896 761 ἔφην,
938 690 1113 756 οὕτως
1133 696 1264 763 ἔχει·
1310 694 1377 748 τα
1398 701 1622 749 τοιαῦτα
1643 695 1753 748 ἐστὶ
1773 693 1916 763 μόνα

247 776 365 846 ἐμοὶ.
411 781 481 831 Τί
496 778 583 842 δέ;
624 780 762 845 ζωα,
785 778 918 845 ἔφη,
941 771 1007 828 οὐ
1028 781 1200 830 ταῦτα
1221 783 1425 846 καλεῖς,
1450 774 1485 830 ὁὶ
1504 771 1575 830 α“ν
1593 775 1775 846 ψυχὴν
1794 778 1913 846 ἔχη·
1900 817 1915 839 ,

187 873 220 913 Β
251 862 390 928 Ναί,
430 861 587 928 ἔφην.
636 854 950 927 Ὁμολογεῑς
980 849 1084 911 οὖν
1104 863 1217 911 τῶν
1247 857 1401 923 ζώων
1419 863 1589 912 ταῦτα
1616 858 1760 927 μόνα
1781 854 1917 910 εἶναι
2013 912 2015 914 ,

246 939 342 1009 σά,
381 941 504 1009 περὶ
533 935 568 994 ὁὶ
598 937 669 994 ἅν
699 954 787 993 σοι
817 941 1032 1003 ἐξουσία
1062 932 1098 1009 ᾑ
1116 940 1296 995 πάντα
1323 947 1495 995 ταῦτα
1514 950 1718 1007 ποιεῖν,
1754 934 1788 992 ἃ
1809 942 1916 992 νῦν
2004 987 2006 989 ,

245 1020 312 1092 δὴ
335 1020 438 1091 ἐγώ
461 1025 678 1090 ἔλεγον;
717 1017 1014 1090 Ὁμολογῶ.
1066 1023 1153 1075 καὶ
1188 1020 1272 1092 ὅς,
1306 1026 1602 1091 εἰρωνικως
1632 1020 1781 1075 πάνυ
1800 1022 1917 1074 ἐπι-

247 1101 397 1174 σχών
418 1101 491 1167 ὥς
509 1125 560 1158 τι
581 1104 718 1173 μέγα
738 1101 1142 1173 σκοπούμενος,
1164 1106 1303 1158 Εἰπέ
1319 1125 1438 1174 μοι,
1459 1107 1563 1173 ἔφη
1578 1145 1591 1171 ,
1614 1096 1657 1158 ὦ
1679 1102 1917 1170 Σώκρα-

245 1206 358 1255 τες,
394 1189 507 1240 ἔστι
538 1202 625 1240 σοι
643 1183 784 1249 Ζευς
814 1191 1092 1259 πατρῷοςς
1143 1187 1234 1240 καὶ
1264 1184 1371 1255 ἐγώ
1392 1183 1739 1249 ὑποπτεύσας
1766 1183 1916 1256 ἥξειν

245 1267 347 1322 τὸν
366 1267 536 1336 λόγον
554 1259 695 1339 ᾗπερ
715 1267 1087 1338 ἐτελεύτησεν,
1104 1265 1319 1338 ἄπορόν
1338 1289 1461 1322 τινα
1481 1265 1731 1338 στροφὴν
1750 1270 1915 1336 ἔφευ-

245 1349 351 1420 γόν
370 1370 427 1404 τε
447 1350 539 1404 καὶ
558 1350 906 1420 ἐστρεφόμην
923 1347 1029 1420 ἤδη
1051 1348 1235 1421 ὥσπερ
1257 1352 1317 1405 ἐν
1345 1349 1548 1423 δικτύῳ
1569 1351 1890 1420 εἰλημμένος
1904 1370 1915 1381 ·
2008 1355 2020 1376 ⁵

251 1429 373 1487 Οὐκ
396 1435 560 1502 ἐστιν,
582 1425 657 1502 ἦν
676 1428 729 1486 δ’
752 1432 862 1502 ἐγώ
873 1475 887 1503 ,
912 1426 955 1487 ὦ
975 1431 1388 1500 Διονυσόδωρε.
1432 1436 1789 1499 Ταλαίπωρος
1808 1429 1909 1499 ἄρα

190 1532 220 1572 C
250 1537 330 1580 τις
352 1514 424 1569 σύ
447 1536 510 1584 γε
541 1513 843 1584 ἅνθρωπος
874 1513 923 1570 εἴ
948 1515 1038 1570 καὶ
1058 1512 1188 1570 οὐδὲ
1215 1511 1529 1584 Ἀθηναῖος,
1578 1506 1624 1585 ᾦ
1642 1512 1775 1584 μήτε
1796 1513 1909 1568 θεοὶ
2015 1582 2020 1592 Ι

246 1603 498 1672 πατρῷοί
522 1601 626 1652 εἰσι
652 1597 786 1668 μήτε
816 1595 935 1664 ἱερὰ
966 1596 1100 1668 μήτε
1128 1594 1261 1650 ἄλλο
1284 1594 1456 1666 μηδὲν
1474 1592 1647 1650 καλὸν
1666 1595 1756 1649 καὶ
1780 1591 1909 1664 ἀγα·
2012 1615 2020 1690 3·

245 1680 372 1736 θόν.
419 1679 516 1735 Ἔα
529 1721 543 1749 ,
575 1673 649 1750 ἦν
668 1678 722 1734 δ’
744 1678 849 1748 ἐγώ
864 1721 878 1750 ,
902 1672 945 1734 ὦ
963 1677 1384 1747 Διονυσόδωρε,
1406 1675 1642 1748 εὐφήμει
1661 1698 1718 1732 τε
1738 1679 1827 1732 καὶ
1845 1677 1910 1748 μή
2016 1695 2020 1698 ·

246 1767 495 1833 χαλεπῶς
523 1783 590 1832 με
619 1764 969 1830 προδίδασκε.
1026 1764 1138 1816 ἔστι
1166 1757 1276 1830 γὰρ
1297 1764 1477 1829 ἔμοιγε
1497 1762 1585 1813 καὶ
1605 1759 1726 1829 ἱεροὶ
1749 1764 1915 1814 οἰκεῖα

246 1846 337 1900 καὶ
365 1850 592 1917 πατρῷα
621 1845 712 1899 καὶ
741 1842 806 1898 τα
837 1843 976 1899 ἄλλα
1008 1842 1216 1912 ὅσαπερ
1246 1853 1358 1905 τοῖς
1386 1839 1574 1906 ἄλλοις
1607 1839 1916 1912 Ἀθηναίοις

246 1933 360 1981 τῶν
377 1925 660 1982 τοιούτων.
695 1925 830 1981 Εἶτα
847 1937 958 1990 τοῖς
979 1925 1180 1994 ἄλλοις,
1203 1928 1306 1995 ἔφη
1320 1965 1335 1994 ,
1350 1920 1662 1993 Ἀθηναίοις
1681 1921 1784 1978 οὐκ
1806 1928 1914 1978 ἐστι
2009 1850 2020 2078 ¹

245 2007 387 2074 Ζεὺς
406 2008 434 2065 ὁ
455 2015 731 2083 πατρῷος;
773 2007 890 2064 Ούκ
911 2013 1076 2078 ἐστιν,
1095 2001 1167 2078 ἦν
1189 2003 1240 2061 δ’
1263 2006 1398 2076 ἐγώ,
1419 2004 1557 2076 αὕτη
1577 2003 1610 2076 ἡ
1630 2007 1910 2076 ἐπωνυμία

239 2090 444 2147 Ἰώνων
463 2089 678 2162 οὐδενί,
713 2089 837 2147 οὔθ’
860 2090 981 2147 ὅσοι
998 2093 1057 2147 ἐκ
1075 2092 1237 2160 τῆσδε
1256 2094 1351 2158 τῆς
1371 2087 1584 2152 πόλεως
1602 2086 1918 2161 ἄπςῡκισμέ-
2015 2082 2020 2087 ’

180 2192 213 2232 D
245 2196 334 2230 νοι
354 2177 493 2230 εἰσὶν
512 2171 636 2230 οὔθ’
658 2171 816 2245 ἡμῖν,
847 2171 986 2229 ἄλλα
1002 2171 1281 2228 Ἀπόλλων
1309 2177 1562 2245 πατρῷος
1584 2169 1671 2226 διὰ
1691 2169 1795 2242 τὴν
1814 2177 1914 2226 τοῦ

204 2255 423 2322 η”Ιωνος
456 2259 697 2327 γένεσιν·
732 2254 874 2320 Ζεὺς
900 2254 952 2311 δ’
974 2253 1105 2327 ἡμῖν
1138 2260 1390 2326 πατρῷος
1418 2253 1519 2324 μὲν
1555 2251 1624 2310 οὐ
1656 2260 1914 2323 καλεῖται,

245 2341 453 2410 ε’ρκειος
474 2341 531 2395 δε
551 2342 642 2395 καὶ
663 2361 954 2410 φρατριος,
975 2341 1066 2395 καὶ
1080 2336 1341 2408 Ἀθηναίη
1364 2342 1616 2409 φρατρία.
1662 2333 1793 2392 Ἀλλ’
1816 2334 1917 2404 ἆρ-

244 2433 334 2477 κεῖ
357 2443 446 2491 γε,
487 2425 591 2493 ἔφη
623 2419 652 2476 ὁ
674 2422 1133 2491 Διονυσόδωρος·
1188 2425 1303 2476 ἔστι
1331 2419 1440 2490 γα’ρ
1474 2436 1586 2488 σοι,
1627 2416 1697 2482 ὠς
1718 2423 1913 2485 ἔοικεν,

239 2501 520 2559 Ἀπόλλων
537 2525 595 2558 τε
614 2505 704 2559 και
716 2501 855 2567 Ζευς
873 2505 962 2559 καὶ
976 2501 1200 2574 Ἀθηνᾶ.
1238 2503 1420 2572 Πανυ,
1440 2505 1512 2572 ῆν
1532 2500 1577 2556 δ’
1597 2501 1720 2570 ἐγώ.
1763 2498 1915 2555 Οὐκ-

250 2591 354 2640 οῦν
389 2587 479 2641 καὶ
510 2608 665 2641 ουτοι
693 2588 779 2642 σοὶ
807 2589 930 2642 θεοὶ
959 2609 1030 2642 αν
1062 2585 1193 2651 εἶεν;
1238 2591 1359 2656 ἐᾛφη
1411 2584 1718 2654 Πρόγονοι,
1758 2576 1830 2653 ἧν
1862 2580 1912 2636 δ’

244 2668 373 2738 ἐγώ,
390 2669 480 2724 καὶ
503 2668 777 2724 δεσπόται.
813 2666 948 2724 Ἀλλ’
973 2663 1078 2724 οὖν
1099 2674 1190 2724 σοί
1202 2691 1282 2740 γε,
1304 2672 1407 2738 ἔφη
1423 2689 1434 2700 ·
1468 2663 1504 2736 ἢ
1525 2662 1594 2721 οὐ
1615 2664 1746 2729 σούς
1768 2662 1915 2735 ὠμο-

243 2749 483 2822 λόγηκας
502 2749 707 2816 αὐτοὺς
727 2750 891 2819 εἷναι;
925 2749 1290 2824 Ὡμολόγηκα,
1311 2754 1480 2820 ἔφην·
1520 2752 1578 2803 τί
1589 2745 1696 2818 γὰρ
1716 2745 1913 2807 adven
2008 2673 2020 2883 ¹
