1962 3112
808 0 810 2 ’
831 0 837 3 ’
943 0 979 26 ’f‘
1002 0 1046 30 '-·†·
1066 0 1370 36 ἶτᾰᾞῑχ-Ηψῖᾞ
1388 0 1618 31 *fig-&fsv‘la-J-„jt
1648 0 1650 2 ’
1906 0 1958 67 ’νη

273 185 379 238 464
845 183 1162 232 KAEITO
1182 182 1372 230 ΦῼΝ.
1860 192 1962 257 1οαῖ

278 321 359 385 δὶς
390 316 528 374 ἀλλὰ
560 315 740 382 πολὺν
770 315 835 386 δὴ
857 314 1158 407 ὑπομείνας
1182 315 1387 386 χρόνον
1409 317 1499 370 καὶ
1517 322 1766 385 λιπαρων
1787 314 1962 371 demi-‘2

278 411 434 477 ρηκα,
455 393 684 475 νομίσας
699 401 760 440 σε
776 388 836 440 τὸ
859 387 961 456 μὲν
981 405 1307 476 προτρέπειν
1328 389 1403 448 είς
1423 383 1618 454 ἀρετῆς
1630 388 1962 471 ἐπιμέλειαν

274 455 519 513 κάλλιστ’
545 454 867 524 ἀνθρώπων
886 459 1046 542 δρᾷν,
1068 459 1227 509 δυοῖν
1249 455 1307 510 δε
1310 453 1600 543 ,θάτερον,
1619 449 1655 523 ἢ
1676 461 1944 509 τοσοῦτον

277 528 466 613 μόνον
473 526 753 581 δύνασθαι
767 567 780 592 ,
813 525 1156 594 μακρότερον
1178 527 1236 579 δὲ
1242 521 1474 610 οὐδέν,
1485 521 1515 578 ὃ
1534 521 1739 592 γένοιτ’
1761 545 1832 577 αν
1854 524 1946 579 καὶ

276 599 400 664 περὶ
430 595 604 665 ἄλλην
622 592 927 678 ἡντιναοῦν
947 597 1167 664 τέχνην,
1207 598 1328 648 οἱον
1348 591 1419 662 μὴ
1443 591 1576 648 ὅντα
1597 593 1962 663 κυβερνήτην1

220 675 250 717 O
277 670 703 753 καταμελετῆσαι
730 662 829 718 τὸν
858 667 1085 718 ἔπαινον
1112 664 1249 748 περὶ
1249 659 1456 748 αὐτῆς,
1496 659 1567 725 ὡς
1597 669 1807 716 πολλοῦ
1835 674 1947 728 τοῖς

276 734 600 820 ἀνθρώποις
630 731 777 802 αξία,
818 733 910 787 καὶ
942 735 1064 800 περὶ
1092 738 1205 787 τῶν
1225 730 1410 786 α’λλων
1428 753 1634 818 τεχνων
1655 729 1943 795 ὡσαύτως·

279 802 485 858 ταύτὸν
517 802 612 890 δὴ
616 803 708 857 καὶ
734 808 825 856 σοί
843 824 928 864 τις
963 805 1244 871 ἐπενέγκοι
1272 798 1387 887 τάχ’
1421 796 1491 855 o'e'v
1522 802 1645 868 περὶ
1664 800 1947 855 δικαιοσύ-

277 895 402 943 νης,
444 870 515 937 ὡς
547 869 614 925 οὐ
643 877 856 941 μᾶλλον
887 871 1007 925 όντι
1037 870 1392 958 δικαιοσύνης
1423 872 1771 956 ἑπιστήμονι,
1813 870 1949 925 διότι

278 949 459 1006 καλῶς
477 939 653 1024 αὐτὴν
673 941 1032 1027 ἐγκωμιαζεις.
1072 938 1139 995 οὐ
1171 937 1282 1010 μὴν
1299 941 1361 995 τό
1380 961 1442 1027 γε
1461 936 1598 1027 ἐμὸν
1618 938 1794 1003 οὕτως
1813 944 1946 1029 ἔχει·

278 1016 435 1066 δυοῖν
466 1014 524 1066 δὲ
552 1010 821 1079 θάτερον,
859 1005 896 1095 ᾐ
926 1008 1029 1064 οὐκ
1062 1013 1263 1064 εἰδέναι
1290 1024 1351 1063 σε
1370 1008 1407 1079 ἢ
1426 1007 1530 1063 οὐκ
1550 1011 1761 1063 ἐθέλειν
1781 1031 1959 1082 αυτης

279 1083 399 1159 ἐμοὶ
434 1091 738 1135 κοινωνειν.
789 1078 878 1133 διὰ
925 1085 1118 1133 ταῦτα
1146 1077 1244 1163 δὴ
1251 1081 1342 1132 καὶ
1380 1077 1520 1145 πρὸς
1559 1079 1961 1165 &9666510420215

280 1150 458 1219 οἶμαι,
501 1149 846 1237 πορεύσομαι
874 1151 963 1203 και
994 1148 1192 1203 ἄλλοσε
1223 1145 1350 1202 ὅποι
1386 1149 1653 1232 δύναμαι,
1694 1167 1947 1232 απορων·

278 1221 395 1274 ἐπεὶ
427 1227 481 1274 εἰ
501 1218 554 1289 γ’
590 1221 794 1282 ἐθέλεις
823 1216 892 1271 σύ
927 1218 1141 1272 τούτων
1181 1239 1279 1286 μεν
1307 1216 1380 1286 ἥδ
1452 1217 1776 1272 παύσασθαι
1812 1213 1951 1285 πρὸς

215 1301 249 1341 D
281 1290 372 1358 ἐμε
389 1310 502 1343 των
522 1288 704 1357 λόγων
723 1293 835 1341 τῶν
863 1293 1304 1359 προτρεπτικῶν,
1341 1240 1463 1342 οἷον
1494 1289 1580 1356 δέ,
1619 1291 1669 1341 εί
1695 1289 1818 1354 περὶ
1847 1308 1950 1356 γυ-

279 1364 580 1443 μναστικῆς
611 1359 1084 1442 προτετραμμένος
1110 1360 1143 1427 ἡ
1174 1363 1275 1410 τοῦ
1297 1357 1553 1443 σώματος
1578 1359 1694 1410 δεῖν
1722 1357 1802 1451 μὴ
1817 1359 1942 1443 ἅμε-

279 1435 422 1497 λειν,
460 1426 520 1482 τὸ
543 1422 781 1496 ἐφεξῆς
756 1449 826 1480 αν
847 1434 923 1500 τῷ
944 1432 1319 1498 προτρεπτικῷ
1340 1428 1487 1499 λόγῳ
1511 1431 1714 1495 ἔλεγες,
1746 1424 1867 1482 οἷον
1888 1426 1944 1480 τὸ

281 1470 461 1584 σωμά
475 1519 584 1566 μου
615 1498 782 1566 φύσει
809 1492 876 1550 ὂν
903 1499 1020 1559 οιάς
1049 1501 1349 1563 θεραπείας
1380 1482 1573 1550 δεῖται·
1617 1498 1706 1550 καὶ
1736 1502 1844 1549 νῦν
1882 1494 1953 1565 δή

282 1564 507 1653 [ταύτὸν
534 1568 833 1636 γιγνέσθω]
873 1564 971 1628 θὲς
1005 1564 1104 1621 τὸν
1138 1570 1532 1651 Κλειτοφῶντα
1570 1563 1948 1634 ὁμολογοῦντα

283 1658 355 1699 ως
383 1639 495 1690 ἔστι
524 1641 932 1723 καταγέλαστον
954 1642 1068 1688 τῶν
1088 1657 1189 1706 μεν
1219 1634 1405 1689 α’λλων
1436 1636 1745 1703 ἐπιμέλειαν
1779 1645 1949 1688 ποιεῖ-

285 1713 448 1775 σθαι,
485 1711 663 1774 ψυχῆς
690 1709 772 1773 δέ,
808 1698 874 1780 ἧς
893 1706 1056 1758 ἕνεκα
1076 1707 1245 1759 τᾶλλα
1267 1706 1714 1789 διαπονούμεθα,
1752 1704 1948 1774 ταύτης

220 1790 254 1829 Ε
283 1747 635 1861 ἠμεληκέναι·
675 1776 764 1829 καὶ
791 1771 963 1829 τᾶλλα
993 1795 1170 1828 παντα
1188 1781 1311 1828 οἴου
1333 1795 1401 1843 με
1421 1780 1529 1828 νῦν
1549 1771 1724 1838 ούτως
1742 1776 1925 1861 εἰρηκέ

283 1867 375 1899 ναι
403 1867 468 1898 τα
497 1844 711 1907 τούτοις
741 1845 886 1913 εξῆς,
919 1841 954 1897 ὁὶ
973 1845 1063 1897 καὶ
1084 1849 1194 1897 νῦν
1214 1842 1280 1913 δη
1302 1847 1561 1929 διῆλθον
1593 1848 1690 1898 καί
1704 1859 1807 1899 σου
1827 1842 1941 1898 δεό-

283 1935 449 2003 μενος
467 1917 605 1983 λέγω
626 1917 889 1983 μηδαμως
908 1912 1087 1977 ἄλλως
1107 1924 1301 1980 ποιειν,
1328 1916 1420 1967 ἵνα
1438 1913 1530 1983 μή,
1549 1913 1807 1999 καθαπερ
1824 1918 1950 1998 νῦνέ

283 2005 349 2037 τα
370 2005 471 2054 μεν
499 1985 709 2038 ἐπαινω
728 1999 789 2037 σε
809 1983 945 2050 πρὸς
963 1987 1180 2039 Λυσιαν
1199 1984 1291 2037 καὶ
1311 1980 1448 2051 πρὸς
1467 1979 1597 2046 τοὺς
1616 1981 1844 2069 ἅλλουςῖ
1884 2003 1951 2036 τα

284 2056 346 2107 δέ
361 2074 412 2107 τι
430 2054 521 2108 καὶ
538 2054 703 2121 ψέγω.
743 2052 818 2122 μὴ
837 2051 939 2122 μὲν
957 2074 1064 2122 γαρ
1085 2054 1543 2139 προτετραμμένῳ
1565 2069 1626 2106 σε
1646 2049 1950 2123 ἀνθρώπῳ,

285 2144 326 2175 ω
349 2122 668 2189 Σώκρατες.
702 2121 858 2187 ἄξιον
878 2121 1017 2177 εἶναι
1040 2128 1142 2175 τοῦ
1161 2119 1365 2186 παντὸς
1384 2121 1571 2207 φήσω,
1609 2141 1952 2209 προτετραμ-

283 2194 429 2278 μένῳ
460 2193 519 2247 δε
529 2189 745 2278 σχεδὸν
774 2193 864 2246 καὶ
897 2191 1164 2281 ἐμπόδιον
1191 2197 1292 2245 τοῦ
1315 2190 1451 2259 πρὸς
1480 2193 1631 2254 τέλος
1649 2189 1845 2260 ἀρετῆς
1862 2193 1952 2244 ἐλ-

282 2261 463 2315 θόντα
483 2258 783 2331 εὐδαιμονα
806 2263 1086 2332 γενέσθαι.

875 2571 1344 2584 ffl--ffl———q
