2020 3094
800 135 1073 183 ΛΥΣΙΣ.
1701 126 1771 179 85

92 277 152 332 δὲ
171 274 348 331 κακὸν
365 270 607 341 νόσημα·
649 268 961 339 νοσήματος
981 266 1040 322 δὲ
1058 264 1131 337 μὴ
1154 263 1314 330 ὄντος
1332 262 1501 320 οὐδὲν
1524 267 1613 318 δεῖ
1624 284 1773 334 φαρ-

0 392 3 393 ⁷
92 357 292 429 μάκου.
350 348 431 425 ἆρ’
458 374 603 409 ουτω
624 353 843 422 πέφυκέ
859 371 917 406 τε
937 352 1028 405 καὶ
1058 356 1295 420 φιλεῖται
1314 343 1570 418 τάγαθὸν
1599 344 1688 401 διὰ
1708 345 1770 400 τό

0 488 6 498 ,
91 437 266 495 κακόν
286 434 377 508 ὑφ’
397 434 586 509 ἡμων,
617 457 730 491 των
749 429 994 504 μεταξύ’
973 431 1155 488 όντων
1172 437 1274 486 τοῦ
1292 434 1471 485 κακοῦ
1489 450 1546 485 τε
1564 429 1656 484 καὶ
1674 425 1774 483 τᾶ-

93 529 306 593 γαθοῦ,
327 517 464 576 αὐτὸ
487 519 595 575 δὲ
567 523 770 575 εαυτοῦ
786 516 949 570 ἕνεκα
977 512 1245 585 οὐδεμίαν
1263 517 1452 584 χρείαν
1471 515 1602 583 ἔχεις
1622 509 1774 566 Ἔοι-

91 625 214 674 κεν,
236 596 272 673 ἦ
291 600 346 658 δ’
366 600 446 670 ὅς,
469 599 647 663 οὕτως
668 595 963 669 ἔχειν.Τό
984 615 1092 664 αρα
1113 600 1280 664 φίλον
1298 591 1432 665 ἡμῖν
1452 594 1658 659 ἐκεῖνο,
1698 595 1775 657 εἰς

91 683 123 741 ὃ
152 684 406 741 ἐτελεύτα
443 681 623 736 πάντα
660 680 727 735 τά
759 679 929 749 ἄλλα,
970 672 1004 732 ἃ
1034 678 1195 733 ἕνεκα
1225 677 1415 747 ἑτέρου
1446 679 1615 745 φίλου
1635 678 1770 745 φίλα
1798 689 1834 732 B

91 772 303 838 ἔφαμεν
321 763 461 822 εἶναι
481 766 725 835 [ἐκεῖνα],
747 759 915 818 οὐδὲν
934 757 1000 831 δὴ
1023 758 1239 824 τούτοις
1257 762 1416 814 ἔοικε.
1474 764 1648 813 ταῦτα
1668 756 1772 829 μὲν

90 849 198 920 γὰρ
218 855 388 918 φίλου
410 848 572 903 ἕνεκα
597 851 731 915 φίλα
751 846 1032 915 κέκληται,
1070 839 1131 895 τό
1154 840 1213 897 δε
1232 862 1307 895 τω
1331 839 1451 896 ὄντι
1470 845 1637 911 φίλον
1658 846 1772 895 πᾶν

91 929 421 987 τούναντίον
459 928 665 984 τούτου
703 932 958 996 φαίνεται
994 923 1271 995 πεφυκός·
1318 927 1486 994 φίλον
1513 920 1620 994 γὰρ
1639 919 1772 994 ἡμῖν

92 1012 347 1084 ἀνεφάνη
366 1008 434 1067 ὂν
451 1009 709 1110 ἐχθρο,ῦ”
678 1028 865 1063 ενεκα
904 1011 955 1063 εἰ
974 1009 1033 1063 δὲ
1052 1004 1113 1063 τὸ
1130 1008 1335 1078 ἐχθρὸν
1355 1003 1612 1076 ἀπέλθοι,
1635 1002 1773 1060 ούκ-

98 1098 199 1166 ε’τι,
238 1092 310 1160 ὥς
328 1093 474 1165 ἔοικ’,
513 1088 628 1147 ἔσθ’
649 1088 781 1163 ἡμῖν
802 1094 983 1160 φίλον.
1037 1086 1124 1145 Οὔ
1139 1111 1234 1161 μοι
1256 1092 1432 1160 δοκεῖ,
1459 1091 1583 1159 ἔφη,
1616 1084 1692 1152 ὥς
1709 1107 1772 1157 γε

31 1194 33 1214 ¹
91 1183 201 1232 νῦν
220 1180 446 1246 λέγεται.
483 1174 766 1244 Πότερον,
785 1167 858 1244 ἦν
879 1171 933 1228 δ’
960 1172 1066 1243 ἐγώ
1081 1215 1095 1243 ,
1117 1170 1257 1242 πρὸς
1278 1172 1445 1240 Διός,
1467 1170 1568 1227 ἐὰν
1586 1167 1647 1226 τὸ
1669 1191 1774 1225 κα·-

90 1259 194 1317 κὸν
214 1258 513 1331 άπόληται,
543 1255 675 1314 οὐδὲ
695 1263 892 1330 πεινῇν
909 1260 987 1311 ἔτι
1004 1259 1156 1311 ἔσται
1176 1252 1306 1311 οὐδὲ
1327 1258 1498 1325 διψῇν
1516 1251 1649 1310 οὐδὲ
1668 1252 1769 1308 ἅλ-
1801 1273 1884 1318 221

90 1349 154 1398 λο
176 1340 340 1398 οὐδὲν
358 1348 471 1397 τῶν
490 1341 789 1407 τοιούτων;
828 1337 865 1410 ἢ
894 1343 1053 1410 πείνη
1082 1341 1185 1410 μὲν
1217 1342 1397 1409 ἔσται,
1435 1337 1640 1408 ἐάνπερ
1667 1334 1773 1391 ἄν-

91 1430 318 1495 θρωποί
340 1446 398 1479 τε
426 1425 519 1479 καὶ
548 1416 719 1478 τᾶλλα
750 1426 858 1488 ζῶα
877 1414 942 1493 ᾖ,
981 1420 1050 1476 οὐ
1069 1423 1258 1492 μέντοι
1275 1419 1524 1492 βλαβερά
1553 1440 1644 1489 γε;
1682 1418 1774 1474 καὶ

94 1511 226 1573 δίψα
247 1505 314 1579 δὴ
338 1508 428 1563 καὶ
450 1510 511 1562 αἱ
535 1504 698 1561 ἄλλαι
727 1507 1043 1575 ἐπιθυμίαι,
1080 1500 1194 1558 ἀλλ’
1218 1500 1286 1558 ού
1317 1506 1507 1572 κακαί,
1547 1499 1643 1556 ἅτε
1672 1504 1775 1556 τοῦ

92 1597 270 1646 κακοῦ
290 1588 665 1654 άπολωλότος;
698 1584 737 1659 ἦ
756 1595 977 1659 γελοῖον
995 1583 1056 1641 τὸ
1078 1584 1349 1655 ἐρώτημα,
1363 1582 1395 1640 δ’
1413 1591 1467 1640 τί
1484 1581 1598 1640 ποτ’
1622 1588 1774 1639 ἔσται

92 1671 215 1728 τότε
244 1668 281 1743 ἢ
309 1669 382 1743 μὴ
416 1676 589 1735 ἔσται;
625 1677 706 1737 τίς
739 1670 847 1742 γὰρ
879 1669 1055 1735 oldam
1093 1664 1206 1723 ἀλλ’
1233 1660 1338 1723 οὖν
1358 1667 1485 1723 τόδε
1512 1689 1573 1737 γε
1594 1674 1771 1738 ἴσμεν,

94 1754 179 1811 ὅτι
197 1756 289 1809 καὶ
310 1759 419 1808 νῦν
437 1758 550 1810 ἔστι
570 1760 847 1811 πεινῶντα
865 1752 1211 1826 βλάπτεσθαι
1224 1791 1238 1819 ,
1275 1753 1389 1805 ἔστι
1410 1750 1469 1805 δὲ
1498 1749 1590 1804 καὶ
1624 1745 1774 1820 ὤφε-

101 1844 327 1895 λεῖσθαι.
367 1830 403 1907 ἦ
422 1837 559 1908 γάρ;
597 1837 763 1893 Πάνυ
783 1857 861 1907 γε.
919 1833 1149 1891 Οὐκοῦν
1168 1833 1260 1888 καὶ
1282 1835 1531 1898 διψῶντα
1551 1831 1775 1886 καὶτῶν

95 1918 281 1975 ἄλλων
308 1926 421 1974 τῶν
450 1919 724 1975 τοιούτων
755 1917 982 1974 πάντων
1014 1919 1401 1987 ἐπιθυμοῦντα
1431 1918 1581 1970 ἔστιν
1600 1916 1773 1969 ἐνίοτε
1803 1932 1835 1973 B

94 2004 196 2073 μὲν
217 1999 503 2074 ὠφελίμως
521 2005 841 2073 ἐπιθυμεῖν,
879 2003 1053 2057 ἐνίοτε
1083 1998 1142 2054 δὲ
1164 2002 1475 2070 βλαβερῶς,
1522 1999 1694 2051 ἐνίοτε
1715 1994 1774 2051 δὲ

96 2088 389 2155 μηδέτερα·
375 2126 391 2152 ,
411 2085 651 2185 Σφόδρα
671 2108 748 2156 γε.
791 2082 1023 2141 Οὐκοῦν
1042 2080 1140 2138 ἐὰν
1160 2080 1503 2152 άπολλύηται
1522 2102 1588 2135 τα
1609 2077 1772 2149 κακά,

97 2189 130 2221 α
150 2187 213 2237 γε
226 2164 301 2238 μὴ
322 2167 580 2238 τυγχάνει
596 2166 732 2223 ὄντα
751 2166 912 2237 κακά,
935 2171 993 2222 τί
1006 2164 1272 2236 προσήκει
1292 2175 1405 2228 τοῖς
1428 2173 1617 2227 κακοῖς
1637 2179 1776 2217 συν-

97 2247 474 2313 απόλλυσθαι;
514 2247 712 2305 Οὐδέν.
752 2248 1012 2304 ’Έσονται
1041 2245 1150 2318 άρα
1171 2249 1231 2302 αἱ
1254 2247 1389 2318 μήτε
1411 2244 1622 2317 ἀγαθαὶ
1641 2243 1776 2317 μήτε

96 2331 259 2387 κακαὶ
289 2331 576 2403 ἐπιθυμίαι
606 2332 698 2387 καὶ
728 2329 828 2387 ἐὰν
858 2327 1128 2399 άπόληται
1162 2326 1226 2382 τὰ
1263 2327 1423 2382 κακά.
1496 2331 1774 2383 Φαίνεται.

100 2408 240 2469 Οἷόν
273 2435 329 2469 τε
368 2406 472 2469 οὖν
508 2415 656 2469 ἐστὶν
692 2414 1077 2483 ἐπιθυμοῦντα
1105 2411 1195 2465 καὶ
1225 2411 1436 2478 ἐρῶντα
1464 2407 1671 2465 τούτου
1707 2429 1776 2464 ου

32 2545 33 2548 ,
98 2497 363 2566 ἐπιθυμεῖ
391 2497 483 2552 καὶ
514 2498 615 2569 ἐρᾷ
648 2494 723 2567 μὴ
762 2502 974 2566 φιλεῖν;
1010 2490 1131 2549 Οὐκ
1161 2498 1345 2565 ἔμοιγε
1380 2496 1544 2548 δοκεῖ.
1585 2488 1779 2547 Ἔσται

7 2598 9 2603 ·
97 2576 204 2647 ἄρα
222 2578 446 2634 καὶτῶν
464 2584 652 2633 κακῶν
671 2575 1049 2648 ἀπολομένων,
1064 2598 1136 2641 ως
1155 2580 1315 2643 ἔοικε,
1337 2573 1446 2647 φίλ’
1461 2597 1614 2633 αττα.
1647 2579 1776 2631 Ναί.
1810 2589 1842 2631 C

103 2658 222 2716 Οὐκ
244 2658 344 2731 ἄν,
366 2668 492 2731 εἴγε
513 2660 574 2715 τό
596 2657 775 2716 κακόν
795 2666 974 2716 αἴτιον
994 2651 1066 2730 ἦν
1086 2664 1186 2714 τοῦ
1206 2662 1374 2729 φίλον
1392 2679 1444 2712 τι
1465 2654 1632 2727 εἶναι,
1669 2654 1776 2712 οὐκ

100 2737 172 2797 ἇν
192 2734 262 2812 ἦν
281 2741 484 2797 τούτου
503 2739 855 2813 άπολομὲνου
868 2747 1034 2813 φίλον
1049 2741 1240 2810 ἕτερον
1260 2739 1442 2814 ἑτέρῳ.
1479 2743 1653 2803 αἰτίας
1669 2738 1776 2810 γὰρ

8 2853 9 2858 =
101 2821 446 2895 ἀπολομένης
467 2822 751 2880 ἀδύνατόν
769 2845 879 2880 που
899 2817 934 2896 ἦ
941 2848 971 2880 ν
989 2822 1056 2881 ἔτ’
1080 2826 1257 2881 ἐκεῖνο
1280 2821 1435 2895 εἶναι,
1455 2814 1526 2879 οὖ
1544 2816 1617 2895 ἦν
1636 2820 1777 2893 αὕτη
