1994 3100
165 95 233 146 12
769 97 1248 145 ΠΛΑΤΩΝΟΣ

164 250 300 299 νειν,
319 231 409 285 καὶ
426 228 754 301 ὑποδήματα
771 240 1148 300 σκυτοτομεῖν,
1166 231 1256 285 καὶ
1273 229 1528 300 λήκυθον
1548 229 1638 284 καὶ
1655 235 1843 299 στλεγ-

55 321 135 365 162
164 313 292 380 γίδα
324 313 415 366 καὶ
446 305 617 367 τᾶλλα
644 313 824 367 πάντα
853 309 991 366 κατὰ
1021 309 1118 366 τὸν
1149 308 1323 366 αὐτὸν
1360 311 1555 380 λόγον,
1595 317 1708 365 τῶν
1742 309 1843 381 μὲν

168 391 475 462 ἀλλοτρίων
504 392 576 465 μὴ
610 393 912 464 ἅπτεσθαι,
951 391 1019 448 τά
1044 393 1103 448 δὲ
1133 394 1335 448 ἑαυτοῦ
1365 394 1598 449 ἕκαστον
1625 394 1846 463 ἐργάζε-
1870 456 1876 461 ,

170 481 311 531 σθαί
325 490 382 531 τε
401 479 490 531 καὶ
512 474 798 546 πράττειν;
840 436 958 530 Οὑκ
985 479 1168 545 ἔμοιγε
1188 479 1364 546 δοκεῖ’,
1404 469 1439 545 ἧ
1464 474 1515 529 δ’
1538 497 1613 539 ος.
1681 473 1842 530 Ἀλλὰ

167 562 384 629 μέντοι,
426 563 570 656 ἔφην
600 558 736 627 ἐγώ,
776 557 1082 626 σωφρόνως
1111 579 1174 627 γε
1194 562 1424 612 οἰκοῦσα
1446 550 1510 610 εὖ
1531 555 1601 611 ἂν
1622 561 1840 612 οἰκοῖτο.

169 647 298 706 Πῶς
328 639 382 696 δ’
415 638 544 706 οῧκ;
585 644 706 711 ἔφη.
784 639 953 696 Οὐκ’
928 640 1063 710 α’ρα,
1101 635 1247 711 ἧνδ
1273 640 1409 710 ἐγώ,
1450 637 1510 694 τὸ
1532 638 1846 696 τὰτοιαῦτα

166 743 225 777 τε
254 723 346 777 καὶ
374 720 522 777 οὕτω
551 721 617 776 τὰ
650 719 826 777 αὑτοῦ
857 720 1117 792 πράττειν
1138 721 1475 792 σωφροσύνη
1494 717 1564 775 ἀν
1584 729 1682 792 εἴη.
1762 720 1846 778 Οὐ

169 810 437 876 φαίνεται.
511 803 804 860 Ἠινίττετο
826 804 951 874 ἄρα,
975 801 1050 867 ὦς
1069 808 1276 873 ἔοικεν,
1299 801 1434 873 ὅπερ
1456 802 1580 873 ἄρτι
1600 805 1707 873 ἐγώ
1728 809 1846 860 ἔλε-

166 908 297 956 γον,
335 884 364 942 ὁ
395 888 571 956 λέγων
599 884 658 940 τὸ
693 887 758 940 τὰ
791 883 967 939 αὑτοῦ
997 884 1259 956 πράττειν
1279 884 1655 957 σωφροσύνην
1676 884 1841 941 εἶναι·

106 978 138 1019 Β
173 966 242 1023 ού
261 967 367 1037 γάρ
388 988 498 1023 που
523 966 670 1023 οὕτω
689 989 752 1037 γε
771 960 842 1037 ἦν
862 965 1072 1037 εὐήθης
1088 986 1100 998 ·
1136 965 1174 1036 ἥ
1193 988 1340 1031 τινος
1359 966 1584 1037 ἠλιθίου
1602 967 1846 1038 ἤκουσας

166 1051 319 1105 τουτὶ
339 1054 614 1118 λέγοντος,
637 1043 681 1104 c3'
698 1052 977 1120 Χαρμίδη;
1001 1047 1233 1103 ’Ήκιστά
1252 1071 1341 1119 γε,
1365 1054 1495 1120 ἔφη,
1520 1052 1640 1104 ἐπεί
1651 1072 1735 1105 τοι
1754 1073 1846 1106 και

166 1132 318 1187 πάνυ
354 1131 536 1188 ἐδόκει
573 1131 748 1202 σοφὸς
786 1131 939 1187 εἶναι.
1013 1129 1232 1196 Παντὸς
1269 1137 1462 1187 τοίνυν
1498 1138 1734 1203 μᾶλλον,
1774 1131 1848 1198 ὡς

168 1217 286 1285 ἐμοὶ
316 1215 495 1284 δοκεῖ,
534 1220 759 1284 αἴνιγμα
784 1212 919 1269 αὐτὸ
949 1213 1296 1285 προῦβαλεν,
1325 1210 1396 1278 ὡς
1428 1209 1495 1269 ὂν
1524 1212 1763 1284 χαλεπὸν
1783 1213 1843 1270 τὸ

166 1296 231 1351 τά
265 1292 438 1351 αὑτοῦ
471 1294 733 1366 πράττειν
759 1301 971 1364 γνῶναι
993 1292 1028 1349 ὅ
1056 1300 1112 1350 τί
1125 1314 1255 1349 ποτε
1275 1298 1437 1349 ἔστιν.
1497 1294 1682 1364 Ἴσως,
1721 1300 1841 1367 ἔφη.

120 1432 122 1437 ,
173 1382 242 1433 Τί
266 1370 372 1432 οὖν
402 1372 474 1431 ἀν
506 1384 587 1447 εἴη
619 1375 750 1431 ποτὲ
779 1374 841 1432 τὸ
872 1374 938 1431 τὰ
961 1374 1136 1432 αὑτοῦ
1156 1375 1418 1445 πράττειν
1429 1400 1443 1443 ;
1482 1380 1617 1447 ἔχεις
1645 1381 1843 1432 εἰπεῖν·

170 1457 291 1515 Οὐκ
314 1458 436 1514 οἶδα
455 1455 531 1529 μά
551 1456 650 1513 Δί’
674 1463 870 1529 ἔγωγε,
908 1452 944 1529 ἦ
965 1456 1020 1514 δ’
1041 1455 1125 1523 ὅς·
1164 1455 1287 1513 ἀλλ’
1311 1466 1442 1523 ἴσως
1462 1458 1628 1514 οὐδὲν
1647 1458 1848 1514 κωλύει

167 1538 303 1610 μηδὲ
322 1537 422 1594 τὸν
440 1544 673 1611 λέγοντα
691 1539 863 1611 μηδὲν
885 1542 1089 1596 εἰδέναι
1108 1538 1141 1596 ὅ
1159 1561 1210 1594 τι
1228 1539 1390 1595 ἐνόει.
1431 1543 1522 1596 καὶ
1545 1539 1656 1612 ἅμα
1674 1547 1844 1595 ταῦτα

168 1624 346 1692 λέγων
370 1620 607 1692 ὑπεγέλα
630 1645 686 1678 τε
707 1626 796 1678 καὶ
816 1629 890 1688 εἰς
909 1623 1008 1679 τὸν
1025 1629 1260 1695 Κριτίαν
1279 1621 1599 1694 ἀπέβλεπεν.

109 1720 139 1763 0
312 1709 375 1759 X.
436 1705 547 1759 Καὶ
575 1702 604 1759 ὁ
635 1710 862 1774 Κριτίας
885 1709 1050 1776 δῆλος
1068 1705 1170 1775 μὲν
1202 1698 1274 1774 ἦν
1293 1706 1383 1759 καὶ
1403 1705 1574 1760 πάλαι
1592 1703 1849 1775 ἀγωνιῶν

168 1788 260 1842 καὶ
301 1790 601 1856 φιλοτίμως
647 1786 787 1854 πρός
834 1808 891 1842 τε
937 1786 1037 1842 τὸν
1076 1790 1365 1858 Χαρμίδην
1407 1788 1498 1841 καὶ
1547 1783 1684 1858 πρὸς
1721 1786 1849 1851 τοὺς

170 1868 450 1940 παρόντας
480 1872 645 1938 ἔχων,
678 1866 836 1939 μόγις
856 1866 908 1924 δ’
933 1866 1132 1924 ἑαυτὸν
1151 1871 1212 1923 ἐν
1229 1874 1306 1940 τῷ
1327 1867 1581 1938 πρόσθεν
1600 1870 1844 1938 κατέχων

165 1951 290 2007 τότε
321 1950 422 2022 οὐχ
452 1947 567 2016 οἷός
598 1972 654 2006 τε
685 1953 899 2021 ἐγένετο
917 1969 928 1981 ·
968 1952 1121 2004 δοκεῖ
1144 1947 1252 2019 γάρ
1281 1969 1375 2019 μοι
1406 1947 1612 2013 παντὸς
1631 1955 1846 2019 μᾶλλον

167 2033 371 2105 ἀληθὲς
401 2032 569 2102 εἶναι,
606 2029 639 2087 ὃ
669 2030 775 2102 ἐγώ
808 2027 1115 2103 ὑπέλαβον,
1153 2036 1256 2085 τοῦ
1288 2034 1521 2101 Κριτίου
1549 2028 1848 2101 ἀκηκοέναι

167 2115 268 2172 τὸν
283 2119 579 2187 Χαρμίδην
611 2113 817 2185 ταύτην
849 2111 953 2184 τὴν
978 2111 1270 2184 ἀπόκρισιν
1289 2113 1413 2182 περὶ
1430 2118 1526 2184 τῆς
1544 2114 1846 2184 σωφροσύ-

169 2220 282 2268 νης.
320 2195 349 2252 ὁ
382 2196 484 2268 μὲν
514 2190 619 2252 οὖν
649 2199 933 2267 Χαρμίδης
964 2195 1307 2267 βουλόμενος
1328 2191 1401 2265 μὴ
1434 2192 1601 2260 αὐτὸς
1627 2194 1849 2266 ὑπέχειν

104 2299 135 2339 D
169 2279 339 2350 λόγον
359 2275 482 2333 ἀλλ’
505 2280 720 2333 ἐκεῖνον
738 2284 833 2348 τῆς
852 2274 1220 2346 ἀποκρίσεως,
1250 2273 1498 2332 ὑπεκίνει
1517 2276 1690 2332 αὐτὸν
1708 2280 1849 2332 ἐκεῢ-

170 2383 290 2431 νον,
312 2362 399 2416 καὶ
422 2363 767 2415 ἐνεδείκνυτο
791 2357 865 2424 ὥς
884 2361 1299 2429 ἐξεληλεγμένος
1320 2366 1429 2429 εἴη·
1455 2355 1484 2414 ὁ
1509 2357 1563 2413 δ’
1590 2357 1694 2414 οὐκ
1715 2357 1845 2428 ἠνέ-

168 2459 324 2514 σχετο
339 2483 354 2511 ,
396 2439 534 2496 ἀλλά
563 2463 656 2512 μοι
680 2445 867 2507 εδοξεν
895 2438 1229 2511 ὀργισθῆναι
1250 2438 1402 2510 αύτω
1422 2437 1604 2508 ὥσπερ
1624 2439 1849 2538 ποιητὴς

167 2523 441 2596 ὑποκριτῇ
467 2544 653 2589 κακως
694 2526 997 2578 διατιθέντι
1027 2520 1092 2577 τά
1128 2523 1330 2578 ἑαυτοῦ
1363 2519 1663 2591 ποιήματα·
1713 2517 1845 2576 ὥστ’

169 2607 442 2678 ἐμβλέψας
462 2603 610 2679 αὐτω
633 2603 811 2674 εἶπεν,
853 2603 1048 2668 Ου’τως
1067 2611 1198 2672 οῖ’,ει
1239 2625 1280 2657 ω
1263 2595 1552 2672 *Χαρμίδη
1566 2644 1581 2672 ,
1614 2606 1664 2658 εἰ
1681 2600 1753 2657 σὺ
1772 2600 1844 2672 μὴ

170 2686 337 2744 οἶσθα
358 2686 387 2743 ὅ
410 2692 467 2743 τί
484 2685 608 2743 ποτ’
630 2687 773 2743 ε’νόει
787 2683 847 2750 ὃς
866 2689 969 2756 ἔφη
992 2683 1368 2756 σωφροσύνην
1388 2681 1526 2738 εἶναι
1545 2682 1605 2739 τὸ
1627 2681 1693 2738 τὰ
1717 2685 1847 2739 ἑαυ-

170 2777 271 2825 τοῦ
290 2767 574 2841 πράττειν,
596 2767 725 2825 οὐδὲ
747 2767 811 2840 δὴ
835 2771 1047 2824 ἐκεῖνον
1068 2770 1297 2833 sede-'vm
1321 2763 1488 2834 Ἀλλ’,
1524 2758 1568 2820 ὦ
1584 2767 1845 2836 βέλτιστε,
