2020 3094
237 176 303 231 78
418 210 424 211 ff
895 172 1063 220 HAA
1082 169 1378 219 ΤΩΝΟΣ.

239 313 438 367 πτεύω.
499 309 528 364 ὁ
559 308 749 380 ὅμοιος
767 314 844 381 τῷ
873 304 1044 380 ὁμοίῳ
1074 302 1200 361 καθ’
1225 303 1362 360 ὅσον
1384 302 1574 377 ὅμοιος
1594 313 1779 379 φίλος,
1819 309 1906 366 καὶ

238 399 350 450 ἔστι
387 393 649 464 χρήσιμος
685 389 713 445 ὁ
745 393 995 451 τοιοῦτος
1024 395 1101 461 τῷ
1128 387 1385 462 τοιούτῳς
1435 395 1647 460 μᾶλλον
1684 393 1744 446 δὲ
1776 384 1909 446 ὦδε·

239 474 429 533 ὁτιοῦν
464 474 659 545 ὅμοιον
692 470 910 546 ὁτῳοῦν
940 468 1110 544 ὁμοίῳ
1140 467 1240 526 τίν’
1262 467 1532 540 ὠφέλειαν
1563 477 1705 543 ἔχειν
1724 470 1761 544 ἦ
1791 478 1911 529 τίνα

240 557 457 630 βλάβην
486 553 559 612 ἄν
588 561 812 626 ποιῆσαι
842 552 1099 622 δύναιτο,
1142 550 1176 607 ὂ
1201 550 1273 624 μὴ
1297 555 1387 608 καὶ
1416 551 1549 609 αὐτὸ
1571 553 1723 628 αὐτῷ
1738 580 1751 622 ;
1801 552 1843 628 ἦ
1862 567 1913 611 τί

125 656 209 699 215
239 636 311 696 ὄίν
349 646 582 709 παθεῖν,
621 635 652 693 ὅ
692 635 765 708 μὴ
804 636 895 691 καὶ
922 631 1015 705 ὑφ’
1039 632 1213 691 αὑτοῦ
1242 637 1446 704 πάθοι;
1500 634 1566 693 τὰ
1590 638 1654 709 δὴ
1686 645 1911 694 τοιαῦτα

239 729 355 788 πῶς
391 717 462 778 ἂν
501 717 590 776 ὑπ’
612 718 868 790 ἀλλήλων
905 715 1245 789 ἅγαπηθείη,
1278 722 1547 790 μηδεμίαν
1589 722 1910 789 ἐπικουρίαν

241 803 498 876 ἀλλήλοις
517 807 736 874 ἕχοντα;
775 804 923 855 ἔστιν
944 798 1118 864 ὅπως;
1158 799 1279 855 Οὐκ
1310 805 1472 856 ἔστιν.
1516 797 1579 856 Ὃ
1602 801 1659 858 δὲ
1680 801 1753 874 μὴ
1775 801 1914 873 αγα-

243 893 423 962 πςότο,
458 892 574 950 πῶς
593 889 789 955 φίλους
829 878 1119 952 Οὐδαμῶς.
1171 879 1334 938 Ἀλλὰ
1366 882 1430 954 δὴ
1450 879 1479 938 ὁ
1501 883 1603 954 μὲν
1631 883 1818 956 ὅμοιος
1836 891 1914 959 τῷ

242 970 414 1045 ὁμοίῳ
444 966 512 1025 οὐ
542 973 725 1038 φίλος·
765 964 795 1020 ὁ
828 965 886 1021 δὲ
908 963 1123 1035 ἀγαθὸς
1149 972 1227 1038 τῷ
1246 963 1445 1040 ἀγαθῷ
1472 966 1599 1023 καθ’
1619 967 1755 1024 ὅσον
1774 967 1898 1039 ἀγα-

242 1053 377 1124 θός,
417 1049 486 1107 οὐ
504 1048 631 1106 καθ’
653 1046 788 1105 ὅσον
808 1046 1022 1118 ὅμοιος,
1062 1052 1221 1118 φίλος
1247 1043 1320 1102 o'c'v
1350 1056 1459 1119 εἴης
1499 1049 1671 1115 Ἴσως.
1732 1056 1801 1106 Τί
1826 1053 1908 1117 δές

242 1135 344 1206 οὐχ
365 1131 391 1191 ὁ
413 1132 654 1203 ἀγαθός,
695 1128 820 1187 καθ’
845 1129 982 1186 ὅσον
1000 1128 1240 1200 ἀγαθός,
1278 1129 1417 1185 κατὰ
1436 1139 1703 1187 τοσοῦτον
1723 1131 1911 1196 ἱκανὸς

242 1215 314 1275 ἄν
334 1226 414 1288 εἴη
436 1213 616 1291 αὐτοῖς
652 1219 780 1270 Ναί.
827 1210 885 1269 Ὁ
907 1216 969 1268 δέ
983 1235 1046 1283 γε
1070 1210 1260 1278 ἱκανὸς
1278 1211 1508 1279 οὐδενὸς
1528 1214 1789 1286 δεόμενος
1813 1227 1914 1270 καέ·

180 1315 212 1355 Β
243 1298 308 1356 τοὶ
329 1297 434 1370 τὴν
454 1297 764 1368 ίκανότητα.
819 1301 949 1360 Πῶς
976 1292 1084 1366 γὰρ
1107 1293 1203 1361 οὕ;
1252 1291 1308 1350 Ὁ
1334 1296 1392 1351 δὲ
1420 1296 1495 1367 μή
1525 1318 1625 1351 του
1656 1296 1911 1367 δεόμενος

245 1379 380 1437 οὐδέ
394 1403 445 1436 τι
464 1379 694 1452 ἀγαπῴη
718 1376 802 1433 ἄν.
843 1374 928 1432 Οὐ
947 1374 1052 1446 γὰρ
1075 1369 1194 1430 οὗν.
1237 1374 1300 1431 Ὃ
1321 1376 1378 1431 δὲ
1394 1374 1466 1447 μὴ
1488 1374 1719 1451 ἀγαπῴη
1733 1419 1746 1445 ,
1789 1374 1911 1432 οὐδ’

244 1458 315 1517 ἂν
346 1467 511 1532 φιλοῖ.
571 1458 657 1516 Οὐ
684 1463 834 1530 δῆτα.
888 1456 946 1513 Ὁ
979 1456 1036 1512 δὲ
1067 1455 1138 1527 μὴ
1173 1463 1352 1527 φιλῶν
1380 1478 1443 1527 γε
1479 1455 1548 1513 οὐ
1586 1464 1758 1527 φίλος.
1831 1457 1915 1513 Οὐ

245 1551 513 1616 φαίνεται.
569 1551 700 1608 Πῶς
730 1535 837 1597 οὖν
866 1544 922 1597 οἱ
956 1539 1161 1612 ἀγαθοὶ
1189 1552 1302 1606 τοῖς
1329 1539 1563 1611 ἀγαθοῖς
1597 1539 1728 1613 ἡμῖν
1766 1547 1917 1612 φίλοι

246 1634 465 1685 ἔσονται
493 1625 595 1698 τὴν
625 1624 828 1697 ἀρχήν,
866 1630 924 1680 οἳ
951 1624 1085 1695 μήτε
1117 1621 1352 1687 οἷπόντες
1381 1624 1635 1679 ποθεινοὶ
1663 1621 1918 1694 ἀλλήλοις

243 1745 315 1754 —-
333 1710 514 1766 ἱκανοὶ
543 1707 650 1780 γὰρ
682 1710 894 1772 ἑαυτοῖς
923 1709 1014 1762 καὶ
1043 1707 1206 1777 χωρὶς
1234 1704 1389 1769 ὄντες
1407 1739 1479 1749 —-
1497 1706 1631 1776 μήτε
1651 1706 1918 1777 παρόντες

245 1797 432 1865 χρείαν
467 1789 654 1847 αὐτῶν
691 1794 901 1862 ἕχουσι;
968 1788 1098 1853 τούς
1144 1787 1208 1859 δὴ
1256 1788 1543 1853 τοιούτους
1588 1793 1668 1853 τίς
1703 1787 1915 1860 μηχανὴ

246 1876 370 1947 περὶ
390 1880 601 1929 πολλοῦ
621 1881 899 1928 ποιεῖσθαι
919 1869 1218 1943 ἀλλήλους;
1270 1868 1542 1941 Οὐδεμία,
1581 1875 1702 1942 ἔφη.
1760 1877 1919 1927 Φίλοι

187 1963 217 2004 C
249 1961 312 2022 δέ
333 1979 396 2029 γε
428 1955 531 2013 οὐκ
562 1953 634 2012 ἂν
662 1954 774 2011 εἷεν
806 1952 878 2026 μὴ
910 1956 1034 2024 περὶ
1065 1959 1278 2009 πολλοῦ
1312 1953 1633 2023 ποιούμενοι
1671 1954 1916 2018 ἑαυτούς.

241 2039 458 2111 Ἀληθῆ.

386 2128 493 2177 XII.
553 2120 753 2190 ’Ἀθρει
773 2120 870 2191 δή,
902 2114 946 2174 ὦ
963 2120 1136 2190 Λύσι,
1169 2125 1245 2191 πῇ
1266 2117 1751 2189 παρακρουόμεθα.
1810 2113 1917 2189 ἆρά

244 2229 306 2278 γε
324 2205 434 2280 ὅλῳ
454 2207 561 2261 τινὶ
580 2203 1004 2274 ἐξαπατώμεθα;
1042 2209 1171 2267 Πῶς
1191 2201 1260 2272 δή
1272 2224 1288 2268 ;
1339 2205 1460 2272 ἔφη.
1502 2199 1647 2271 ’Ήδη
1669 2202 1805 2256 ποτέ
1818 2222 1919 2256 του

246 2287 460 2357 ἥκουσα
480 2287 763 2356 λέγοντος,
801 2286 894 2341 καὶ
921 2284 1047 2355 ἄρτι
1074 2282 1587 2355 ἀναμιμνήσκομαι,
1626 2281 1710 2338 ὅτι
1730 2281 1790 2338 τὸ
1819 2282 1920 2353 μὲν

249 2367 444 2439 ὅμοιον
469 2373 546 2441 τῷ
573 2365 744 2440 ὁμοίῳ
766 2369 858 2423 καὶ
879 2369 936 2422 οῖ
960 2363 1164 2437 ἀγαθοὶ
1184 2377 1296 2430 τοῖς
1315 2363 1549 2435 ἀγαθοῖς
1578 2365 1913 2435 πολεμιώτα-

247 2473 332 2507 τοι
353 2450 463 2506 εἷεν
476 2471 487 2483 ·
521 2453 608 2505 καὶ
630 2448 696 2521 δὴ
711 2451 803 2506 καὶ
820 2447 1187 2505 τὸνἩσίοδον
1206 2446 1433 2518 ἐπήγετο
1453 2446 1721 2517 μάρτυρα,
1744 2449 1919 2517 λέγων

250 2533 321 2601 ὡς
345 2535 454 2606 ἄρα

390 2618 481 2672 καὶ
503 2614 774 2686 κεραμεύς
797 2627 1025 2687 κεραμεῖ
1040 2617 1214 2671 κοτέει
1234 2616 1322 2670 καὶ
1343 2609 1528 2675 ἀοιδὸς
1548 2610 1717 2683 ἀοιδῷ

390 2700 480 2753 καὶ
501 2697 713 2769 πτωχὸς
731 2706 941 2772 πτωχῷ,

185 2794 219 2835 D
251 2783 341 2838 καὶ
360 2774 530 2836 τᾶλλα
552 2778 619 2851 δη
658 2780 838 2835 πάντα
859 2779 1034 2843 οὕτως
1053 2783 1158 2849 ἔφη
1190 2776 1494 2848 ἀναγκαῖον
1526 2775 1665 2831 εἶναι
1688 2773 1919 2846 μάλιστα

249 2862 314 2920 τὰ
337 2860 632 2933 ὁμοιότατα
654 2861 791 2931 πρὸς
808 2860 1014 2930 ἄλληλα
1036 2860 1263 2929 φθόνου
1284 2881 1340 2914 τε
1360 2859 1451 2914 καὶ
1476 2862 1813 2928 φιλονεικίας
1831 2857 1918 2910 καὶ
