1994 3100
803 102 1107 151 ΛΑΧΗΣ.
1732 96 1802 148 33

125 246 279 299 δοκεῖ
293 245 492 312 χρῆναι
511 233 825 310 μανθάνειν
848 242 955 291 εἴτε
973 232 1049 305 μή
1060 276 1076 303 ,
1114 234 1207 289 καὶ
1227 233 1351 303 περὶ
1371 254 1485 288 των
1504 232 1719 303 ἄλλων,
1753 239 1808 290 εἴ

122 347 173 381 τι
193 329 334 394 ἔχετε
355 322 639 379 ἐπαινέσαι
657 317 892 390 μάθημα
920 317 1029 391 νέω
1061 310 1286 385 ἀνδρὶ
1252 337 1285 386 η
1316 313 1676 385 ἐπιτήδευμα,
1711 315 1800 369 καὶ

122 407 247 475 περὶ
265 411 360 476 τῆς
379 407 671 466 κοινωνίας
690 402 869 471 λέγειν
885 396 1086 454 ὁποῖόν
1105 420 1156 454 τι
1177 396 1448 469 ποιήσετε.

266 491 346 542 111.
423 490 527 541 NI.
561 481 693 554 Ἐγώ
714 483 842 553 με’ν,
866 502 908 535 ω
928 484 1210 550 Λυσίμαχε
1228 479 1320 535 καὶ
1337 484 1623 551 Μελησία,
1647 480 1806 535 ἐπαι-

125 573 206 624 νῶ
224 589 282 623 τε
300 564 462 638 ὑμων
480 564 583 636 τὴν
600 563 853 620 διάνοιαν
872 563 964 618 καὶ
987 572 1279 617 κοινωνεῖν
1298 563 1539 633 ἕτοιμος,
1577 559 1726 633 οἶμαι
1745 563 1805 618 δὲ

124 650 215 704 καὶ
233 647 456 719 Λάχητα
476 646 652 703 τόνδε.

265 735 383 785 ΛΑ.
432 727 643 800 Ἀληθῆ
670 728 777 799 γὰρ
808 734 936 797 οἴει,
977 749 1020 781 ω
1053 731 1238 781 Νικία.
1290 723 1362 790 ὡς
1388 725 1421 782 ό
1448 749 1511 797 γε
1552 732 1741 798 ἔλεγεν
1769 723 1798 782 ὁ
1833 728 1863 769 Β

127 819 444 885 Λυσίμαχος
478 834 602 881 αρτι
636 812 761 880 περὶ
793 816 895 866 τοῦ
924 807 1128 879 πατρὸς
1156 814 1258 864 τοῦ
1288 804 1463 863 αὑτοῦ
1499 830 1558 863 τε
1587 810 1679 864 καὶ
1704 813 1806 863 τοῦ

127 900 446 967 Μελησίου,
485 894 637 950 πάνυ
665 915 759 964 μοι
790 896 945 948 δοκεῖ
969 884 1034 946 εὖ
1061 894 1323 960 εἰρῆσθαι
1353 890 1444 944 καὶ
1464 893 1539 954 εἰς
1558 891 1808 955 ἐκείνους

126 979 218 1034 καὶ
248 982 325 1042 εἰς
355 974 498 1047 ἡμᾶς
524 975 616 1030 καὶ
646 972 764 1039 εἰς
739 972 988 1038 α’παντας
1016 990 1141 1028 οσοι
1169 968 1235 1025 τὰ
1257 976 1370 1025 τῶν
1388 969 1610 1025 πόλεων
1628 969 1807 1040 πράτ-

124 1077 347 1127 τουσιν,
387 1055 472 1112 ὅτι
501 1053 688 1120 αὐτοῖς
715 1053 917 1125 σχεδόν
948 1075 999 1109 τι
1029 1058 1200 1107 ταῦτα
1232 1056 1548 1123 συμβαίνει,
1587 1049 1624 1106 ἃ
1643 1043 1806 1116 οὗτος

125 1142 293 1210 λέγει,
332 1138 423 1193 καὶ
442 1138 565 1205 περὶ
585 1139 781 1201 παῖδας
799 1135 889 1190 καὶ
908 1134 1032 1203 περὶ
1050 1126 1220 1188 τᾶλλα
1239 1135 1351 1188 ἴδια
1363 1174 1378 1201 ,
1417 1129 1814 1202 ὀλιγωρεῖσθαί

127 1240 188 1275 τε
207 1220 299 1276 καὶ
319 1217 534 1290 ἀμελῶς
552 1221 919 1273 διατίθεσθαι.
977 1222 1151 1270 ταῦτα
1169 1213 1272 1285 μὲν
1292 1206 1399 1269 οὖν
1418 1219 1598 1277 καλως
1612 1214 1806 1285 λέγεις,

132 1326 176 1359 ω
197 1309 498 1373 Λυσί·μαχε
537 1323 622 1356 οτι
638 1298 691 1354 δ’
715 1297 858 1370 ἡμᾶς
875 1298 977 1370 μὲν
997 1297 1351 1369 συμβούλους
1368 1302 1702 1365 παρακαλεῖς
1721 1297 1808 1352 ἐπὶ

126 1383 230 1455 τὴν
246 1405 360 1439 των
379 1388 689 1439 νεανίσκων
709 1384 988 1451 παιδείαν,
1028 1378 1302 1451 Σωκρατη
1334 1381 1393 1434 δὲ
1421 1378 1585 1434 τόνδε
1606 1376 1675 1434 ού
1694 1398 1803 1434 πα·
1835 1385 1868 1427 G

130 1471 411 1535 ρακαλεῖς,
430 1463 718 1534 θαυμάζω,
749 1466 975 1531 πρῶτον
1001 1462 1104 1532 μὲν
1131 1459 1267 1517 ὄντα
1306 1460 1579 1532 δημότην,
1623 1464 1806 1517 ἔπειτα

129 1549 377 1602 ἐνταῦθα
397 1544 481 1602 ἀεὶ
504 1543 600 1610 τοὶς
620 1541 904 1616 διατριβὰς
922 1543 1262 1614 ποιούμενον
1276 1585 1291 1613 ,
1326 1540 1471 1598 ὅπου
1490 1547 1548 1598 τί
1561 1545 1673 1598 ἐστι
1692 1549 1807 1598 τῶν

126 1628 399 1685 τοιούτων
429 1621 509 1684 ὦν
531 1625 603 1682 σύ
626 1632 795 1698 ζητεῖς
823 1626 946 1697 περὶ
975 1622 1107 1690 τοὺς
1135 1626 1298 1690 νέους
1325 1621 1362 1697 ἢ
1381 1626 1614 1697 μάθημα
1630 1619 1670 1698 ἦ
1687 1626 1807 1681 ἐπι-

131 1710 370 1782 τήδευμα
389 1709 576 1767 καλόν.

273 1798 388 1849 ΛΤ.
446 1797 576 1855 Πῶς
604 1795 804 1862 λέγεις,
847 1813 889 1846 ω
909 1790 1118 1861 Λάχης;
1155 1789 1461 1861 Σωκρατης
1477 1787 1587 1861 γὰρ
1610 1788 1705 1845 όδε
1725 1811 1805 1845 τι·

130 1873 228 1939 νὸς
246 1879 360 1930 τῶν
380 1872 648 1928 τοιούτων
666 1875 979 1944 ἐπιμέλειαν
1000 1877 1319 1943 πεποίηται;

268 1962 384 2011 ΛΑ.
439 1954 605 2011 Πάνυ
623 1978 727 2027 μεν
745 1977 880 2027 ουν,
910 1977 953 2010 ω
975 1959 1270 2026 Λυσίμαχε.

273 2044 376 2094 NI.
440 2043 617 2095 Τοῦτο
647 2040 748 2109 μέν
768 2057 855 2094 σοι
885 2060 993 2093 καν
1024 2038 1129 2107 ἐγώ
1153 2041 1324 2109 ἔχοιμι
1343 2042 1518 2094 εἰπεῖν
1537 2034 1606 2092 οὐ
1625 2047 1811 2108 χεῖρον

134 2121 402 2191 Λάχητος·
439 2121 530 2176 καὶ
562 2118 669 2190 γὰρ
700 2119 852 2194 αὐτῷ
878 2142 971 2191 μοι
1003 2123 1230 2191 ἔναγχος
1257 2118 1437 2191 ἄνδρα
1467 2118 1809 2190 προῦξένησε

128 2206 207 2271 τῷ
226 2203 338 2255 υἱεῖ
353 2199 690 2256 διδάσκαλον
706 2206 992 2272 μουσικῆς,
1002 2198 1402 2271 Ἀγαθοκλέους
1413 2199 1672 2274 μαθητὴν
1685 2199 1810 2256 Δά-
1837 2201 1875 2243 D

130 2303 305 2353 μωνα,
326 2278 550 2352 ἀνδρῶν
569 2284 925 2352 χαριέστατον
944 2279 1015 2337 ού
1030 2281 1208 2353 μόνον
1226 2281 1330 2354 τὴν
1347 2282 1648 2355 μουσικήν,
1671 2279 1810 2340 ἀλλὰ

129 2365 218 2419 καὶ
238 2355 408 2419 τᾶλλα
427 2360 605 2418 ὁπόσα
623 2364 814 2435 βούλει
844 2363 1000 2431 ἄξιον
1028 2369 1438 2437 συνδιατρίβειν
1466 2363 1813 2439 τηλικούτοις

129 2451 451 2510 νεανίσκοις.

274 2530 359 2582 lv,
435 2533 546 2582 ΛΤ.
609 2523 782 2583 Οὔτοι
802 2551 880 2598 τι,
922 2521 965 2583 ὦ
986 2529 1281 2598 Σώκρατές
1309 2551 1366 2584 τε
1398 2532 1490 2586 καὶ
1525 2535 1690 2586 Νικία
1720 2530 1812 2585 καὶ

130 2606 341 2677 Λάχης,
378 2610 436 2663 οἱ
466 2606 643 2679 ἡλίκοι
674 2606 780 2679 ἐγώ
812 2614 890 2665 ἔτι
911 2610 1295 2682 γιγνώσκομεν
1325 2609 1456 2676 τοὺς
1486 2614 1808 2682 νεωτέρους,

129 2688 224 2745 ἅτε
253 2688 363 2746 κατ’
387 2695 569 2748 οἰκίαν
597 2690 662 2747 τὰ
694 2691 871 2749 πολλὰ
903 2697 1278 2767 διατρίβοντες
1305 2694 1416 2751 ὑπὸ
1448 2702 1543 2767 τῆς
1569 2693 1810 2767 ἡλικίας·

129 2767 242 2907 α’λέ
265 2779 317 2828 εἰ
350 2794 401 2829 τι
436 2777 526 2830 καὶ
563 2774 663 2845 σύ,
703 2768 747 2829 ὦ
785 2787 888 2832 παῖ’
902 2782 1343 2848 Σωφρονίσκου,
1386 2781 1521 2848 ἔχεις
1556 2779 1697 2846 τῷδε
1735 2782 1813 2867 τῇ

240 2875 351 2908 ῐΛτο
377 2863 448 2908 m.
1529 2883 1556 2926 3
