1962 3112
0 2550 10 2558 ἰ
0 2491 4 2511 ’·
0 2092 17 2479 tj-v—-r-w

1626 0 1744 18 hytrvj
1766 0 1818 11 ⁴⁷›-·
1849 0 1869 11 r
1887 0 1932 18 [ἰν

120 128 200 173 ιιι
765 78 867 167 Γὸ
880 118 1141 166 ΡΓΙΑΣ.
1689 114 1795 167 309

115 254 217 326 μὲν
233 252 341 326 γὰρ
358 254 420 310 τὸ
441 251 824 323 ἀποθνήσκειν
842 247 1024 314 οὐδεὶς
1050 254 1328 324 φοβεῖται,
1367 247 1518 314 ὅστις
1545 247 1618 320 μὴ
1649 269 1794 304 παν-
1815 310 1819 314 ᾗ

115 336 353 393 τάπασιν
384 333 676 405 ἄλόγιστός
705 354 763 388 τε
793 332 884 387 καὶ
914 331 1194 401 ἄνανδρός
1225 333 1365 403 ἐστι,
1402 329 1464 387 vd
1497 330 1556 387 δὲ
1576 329 1792 386 άδικεῖν

118 423 394 489 φοβεῖται·
429 422 652 472 πολλῶν
686 413 794 485 γὰρ
823 411 1178 485 ἀδικημάτων
1203 418 1441 485 γέμοντα
1468 411 1572 486 τὴν
1605 412 1792 485 ψυχὴν

115 504 192 564 εἰς
214 498 407 555 ’Ἅιδου
437 498 741 569 ἀφικέσθαι
769 496 998 551 πάντων
1026 500 1254 567 ἔσχατον
1271 503 1460 553 κακῶν
1479 499 1640 553 ἐστίν.
1664 502 1714 553 εἰ
1731 497 1791 552 δὲ

115 582 324 653 βούλει,
345 583 433 637 σοὶ
453 580 560 651 ἐγώ
573 622 587 648 ,
610 576 684 644 ῶς
701 585 865 634 τοῦτο
889 577 1065 642 οὕτως
1085 583 1190 649 ἔχει
1202 622 1217 648 ,
1238 582 1413 635 ἐθέλω
1434 581 1607 650 λόγον
1626 581 1788 645 λέξαι.

258 669 431 719 ΚΑΛ.
498 659 643 716 Ἀλλ’
682 663 901 731 ἐπείπερ
936 682 999 731 γε
1037 662 1128 717 καὶ
1165 655 1333 718 τᾶλλα
1369 665 1662 734 έπέρανας,
1698 664 1792 717 καὶ

115 751 278 800 τοῦτο
298 747 558 814 πέρανον.

254 831 483 882 LXXffl.
553 829 679 880 ΣΩ.
722 823 918 880 Ἀκουε
940 824 1035 896 δή,
1059 830 1220 895 φασί,
1240 826 1387 896 μάλα
1406 833 1584 882 καλοῦ
1602 825 1793 897 λόγου,
1822 835 1908 881 523

116 906 184 964 ὃν
212 907 283 963 σὺ
312 907 413 978 μὲν
442 905 634 978 ἡγήσει
660 913 878 978 μῦθον,
919 904 991 972 ῶς
1020 905 1124 976 ἐγώ
1154 905 1330 978 οἶμαι,
1367 906 1473 978 ἐγώ
1508 907 1566 964 δὲ
1597 906 1790 978 λόγον·

118 990 192 1054 ὥς
219 988 407 1060 άληθῆ
434 987 542 1059 γάρ
574 987 711 1044 ὄντα
730 1006 818 1044 σοι
836 992 971 1054 λέξω
991 986 1026 1042 δι’
1044 991 1224 1058 μέλλω
1243 993 1437 1059 λέγειν.
1480 988 1663 1060 ὥσπερ
1685 990 1792 1062 γάρ

110 1072 340 1143 Όμηρος
369 1072 541 1141 λέγει,
582 1074 926 1142 διενείμαντο
958 1069 1062 1140 τὴν
1090 1068 1264 1141 ἀρχὴν
1293 1068 1322 1125 ὁ
1351 1070 1493 1136 Ζεὺς
1513 1069 1652 1127 καὶὸ
1672 1079 1793 1127 Πο-

117 1158 319 1210 σειδῶν
348 1156 440 1210 καὶ
470 1151 500 1210 ὁ
527 1153 831 1224 Πλούτων,
867 1151 1054 1224 ἐπειδὴ
1089 1152 1238 1224 παρὰ
1265 1160 1370 1209 τοῦ
1399 1152 1604 1224 πατρὸς
1623 1157 1794 1222 παρέ-

117 1243 308 1309 λαβον.
347 1230 420 1308 ἦν
446 1230 555 1291 οὖν
594 1236 766 1306 νόμος
799 1234 895 1291 ὅδε
926 1237 1050 1307 περὶ
1080 1234 1402 1305 ἀνθρώπων
1431 1238 1518 1292 ἐπὶ
1545 1238 1790 1308 Κρόνου,

117 1323 205 1378 καὶ
237 1318 322 1374 άεὶ
349 1319 440 1374 καὶ
470 1325 580 1374 νῦν
616 1323 694 1374 ἔτι
724 1323 874 1374 ἔστιν
903 1321 965 1374 ἐν
994 1327 1175 1389 θεοῖς,
1214 1326 1326 1375 τῶν
1355 1318 1676 1391 ἀνθρώπων
1696 1318 1794 1375 τὸν

120 1402 219 1474 μὲν
250 1405 472 1466 δικαίως
498 1399 599 1457 τὸν
626 1407 753 1471 βίον
781 1400 1077 1457 διελθόντα
1106 1404 1196 1457 καὶ
1226 1399 1415 1474 ὁσίως,
1454 1401 1676 1457 ἐπειδὰν
1703 1423 1795 1456 τε-

124 1484 382 1556 λευτήσῃ,
420 1489 496 1549 εἰς
523 1484 791 1554 μακάρων
821 1484 1028 1554 νήσους
1056 1481 1291 1539 ἀπιόντα
1329 1490 1501 1540 οἰκεῖν
1536 1486 1597 1539 ἐν
1636 1484 1785 1556 πάσῃ
1814 1497 1848 1539 Β

118 1566 440 1640 εὐδαιμονίᾳ
470 1566 623 1632 ἐκτὸς
650 1573 867 1637 κακῶν,
909 1563 1008 1620 τὸν
1039 1566 1097 1622 δὲ
1127 1564 1329 1631 ἀδίκως
1367 1569 1458 1622 καὶ
1494 1564 1676 1631 ἀθέως
1717 1571 1795 1631 εἰς

118 1648 179 1705 τὸ
200 1656 296 1720 τῆς
323 1647 514 1713 τίσεῶς
532 1670 589 1703 τε
607 1650 698 1704 καὶ
729 1652 883 1719 δίκης
904 1649 1307 1719 δεσμωτήριον,
1348 1646 1378 1703 ὃ
1411 1646 1477 1719 δὴ
1504 1647 1794 1719 Τάρταρον

119 1738 415 1802 καλοῦσιν,
455 1734 609 1786 ἰέναι.
648 1730 864 1785 τούτων
895 1733 954 1786 δὲ
982 1732 1230 1786 δικασταὶ
1250 1731 1337 1787 ἐπὶ
1359 1731 1588 1801 Κρόνου
1606 1732 1698 1786 καὶ
1716 1734 1796 1786 ἔτι

118 1815 316 1870 νεωστὶ
334 1818 436 1869 τοῦ
454 1810 592 1877 Διός
611 1812 715 1882 τὴν
733 1810 911 1884 άρχήν
940 1817 1158 1883 ἔχοντος
1178 1817 1372 1878 ζῶντες
1388 1808 1532 1884 ἦσαν
1553 1813 1791 1884 ζώντων,

118 1899 298 1968 ἐκείνῃ
326 1901 393 1966 τῇ
420 1892 596 1968 ἡμέρᾳ
625 1894 935 1960 δικάζοντες
964 1888 1001 1968 ᾗ
1029 1898 1280 1966 μέλλοιεν
1298 1903 1576 1970 τελευτᾷν.
1610 1902 1794 1961 κακῶς

119 1972 224 2034 οὖν
253 1980 313 2032 αἱ
341 1981 487 2032 δίκαι
517 1979 800 2047 ἐκρίνοντο
818 1998 829 2009 ·
867 1975 902 2032 ὅ
929 2000 985 2034 τε
1006 1972 1112 2033 οὖν
1129 1977 1402 2033 Πλούτων
1423 1979 1514 2033 καὶ
1533 1981 1589 2034 οἱ
1606 1980 1795 2048 ἐπιμε-

119 2061 274 2132 ληταὶ
292 2063 402 2115 *οἱ*
422 2062 482 2116 ἐκ
502 2060 767 2130 μακάρων
788 2061 974 2131 νήσων
988 2060 1165 2123 ἰόντες
1194 2063 1387 2129 ἔλεγον
1405 2056 1543 2126 πρὸς
1554 2057 1653 2114 τὸν
1663 2063 1793 2129 Δία,

119 2141 204 2198 ὅτι
225 2143 465 2215 φοιτῷέν
484 2159 620 2212 σφιν
636 2140 931 2211 ἅνθρωποι
950 2144 1249 2212 ἑκατέρωσε
1266 2141 1494 2208 άνάξιοι.
1519 2140 1672 2197 εἶπεν
1688 2134 1792 2197 οὖν
1821 2154 1855 2199 G

119 2222 148 2279 ὁ
182 2225 348 2288 Ζεύς·
387 2221 511 2279 ἀλλ’
544 2224 681 2294 ἐγώ,
722 2230 857 2296 ἔφη,
894 2223 1091 2280 παύσω
1110 2231 1273 2280 τοῦτο
1297 2224 1645 2295 γιγνόμενον.
1685 2229 1794 2279 νῦν

118 2308 219 2378 μὲν
255 2304 363 2375 γὰρ
395 2311 577 2370 κακῶς
615 2309 676 2361 αἰ
714 2311 858 2362 δίκαι
891 2307 1214 2373 δικάζονται.
1263 2305 1632 2377 ἀμπεχόμενοι
1667 2306 1792 2377 γάρ,

119 2393 244 2458 ἔφη,
266 2389 324 2442 οἱ
337 2386 657 2456 κρινόμενοι
676 2394 983 2457 κρίνονται·
1005 2393 1200 2454 ζῶντες
1210 2386 1317 2458 γὰρ
1336 2394 1636 2459 κρίνονται.
1657 2394 1793 2443 πολ-

118 2472 205 2526 λοὶ
223 2463 355 2538 οὖν,
376 2462 410 2539 ἦ
431 2466 480 2523 δ’
505 2467 565 2532 ὅς
578 2511 592 2538 ,
615 2468 792 2540 ψυχὰς
810 2470 1056 2541 πονηρὰς
1076 2476 1288 2542 ἔχοντες
1307 2469 1672 2543 ἠμφιεσμένοι
1692 2472 1796 2527 εἰσὶ

120 2551 347 2622 σώματά
375 2573 431 2606 τε
463 2550 603 2606 καλὰ
634 2555 725 2606 καὶ
752 2554 883 2623 γένη
906 2556 997 2608 καὶ
1016 2554 1317 2626 πλούτους,
1359 2561 1478 2627 καί,
1515 2552 1740 2610 ἐπειδᾶν
1758 2551 1794 2624 ἡ

119 2639 297 2700 κρίσις
315 2627 369 2704 ᾖ,
392 2638 643 2703 ἔρχονται
663 2633 850 2699 αὐτοῖς
869 2637 1063 2692 πολλοὶ
1081 2636 1380 2708 μάρτυρες,
1402 2637 1796 2708 μαρτυρήσον-

121 2735 209 2780 τες
229 2712 302 2781 ὥς
334 2719 557 2781 δικαίως
585 2717 946 2789 βεβιώκασιν·
988 2721 1046 2774 οἱ
1061 2712 1164 2775 οὖν
1184 2723 1434 2777 δικασταὶ
1453 2718 1563 2776 ὑπό
1585 2741 1642 2775 τε
1661 2719 1797 2775 τού-

123 2818 233 2851 των
251 2799 669 2870 ἐκπλήττονται,
707 2803 797 2856 καὶ
826 2798 938 2872 ἅμα
959 2802 1050 2858 καὶ
1071 2799 1228 2858 αὐτοὶ
1248 2801 1619 2874 ἀμπεχόμενοι
1639 2801 1797 2858 δικά-
1827 2812 1862 2854 Ι)
