2020 3094
47 0 108 26 wlv-
123 6 128 10 .

58 155 85 203 7
632 149 971 196 ΕΓΘΓΔΗ
981 147 1172 195 γΗΟΣ.
1670 144 1742 194 95

4 331 10 379 j
59 285 314 357 τήματος,
335 280 652 355 ἦρυθρίασέ
664 303 723 337 τε
743 282 832 337 καὶ
853 278 1136 351 ἀπορήσας
1155 282 1387 350 ἔβλεπεν
1407 281 1528 343 εἰς’
1501 281 1616 350 εμέ·
1648 280 1740 335 καὶ

3 389 10 417 ι
61 366 168 437 ἐγω
189 363 360 436 γνοὺς
379 361 556 419 αὐτὸν
574 366 1057 434 τεθορυβημένον,
1094 361 1329 431 Θάρρει,
1365 354 1438 432 ἦν
1461 358 1512 416 δ’
1546 361 1740 432 ἐγω,ω

6 447 10 505 ἶ
65 455 318 513 Κλεινιᾞα
339 447 430 501 καὶ
452 443 749 513 ἀπόκριναι
769 442 1057 511 ἀνδρειὛως
1094 441 1332 510 ὁπότερά
1351 459 1440 497 σοι
1460 448 1730 511 φαινεται·

5 520 7 523 V
62 537 195 594 ι’σως
212 529 319 599 γάρ
339 549 423 582 τοι
442 525 649 596 ωφελεῐ
660 525 763 595 τὴν
777 531 1040 596 μεγίστην
1064 522 1350 592 ωφέλειαν.
1374 526 1463 578 καὶ
1483 524 1545 579 ἐν
1562 522 1740 596 τούτῳ
1774 535 1808 575 Ε

4 640 5 645 ’
63 608 93 667 ὁ
125 610 558 676 Διονυσόδωρος
590 607 922 675 προσκύψας
952 628 1046 677 μοι
1079 603 1315 675 σμικρὸν
1348 605 1486 673 πρὸς
1522 602 1584 659 τό
1623 597 1741 671 οὖς,

61 692 216 747 πάνυ
234 691 517 762 μειδιάσας
534 695 610 763 τῷ
630 687 938 762 προσώπω,
961 690 1069 742 Καὶ
1088 687 1226 757 μήν,
1247 692 1380 757 ἔφη,
1402 691 1516 754 σοί,
1549 708 1591 740 ω
1612 684 1744 741 Σω’-

63 795 285 844 κρατες,
316 776 595 842 προλέγω,
630 770 715 827 ὅτι
745 767 966 838 ὁπότερ’
998 792 1072 824 αν
1090 767 1453 838 ἀποκρίνηται
1471 766 1532 823 τὸ
1551 767 1745 838 μειρά-

61 881 214 928 κιον,
254 857 711 928 ἐξελεγχθήσεται.
751 857 841 910 καὶ
871 852 1046 909 αὐτοῦ
1075 849 1278 923 μεταξὺ
1296 857 1469 906 ταῦτα
1490 851 1746 920 λέγοντος

62 939 94 997 ὁ
117 947 375 1006 Κλεινίας
395 946 586 1011 ἔτυχεν
605 938 1066 1010 ἀποκρινάμενος,
1089 936 1228 992 ὥστε
1248 934 1379 991 οὐδὲ
1398 934 1741 1004 παρακελεύ-

64 1028 279 1078 σασθαί
307 1045 401 1093 μοι
436 1025 707 1093 ἐξεγένετο
745 1019 1127 1093 εὐλαβηθῆναι
1162 1025 1237 1093 τῷ
1277 1023 1570 1090 μειρακίῳ,
1618 1014 1737 1071 ἀλλ’
1773 1028 1862 1075 276

0 1158 1 1162 ,
64 1102 424 1173 ἀπεκρίνατο,
455 1103 540 1160 ὅτι
559 1107 616 1160 οἰ
632 1106 796 1174 σοφοὶ
818 1102 929 1158 εἶεν
954 1106 1009 1158 οἱ
1023 1100 1424 1173 μανθάνοντες.
1465 1096 1605 1155 καὶὸ
1629 1097 1747 1154 Εὐ-

63 1186 338 1258 θύδημος,
360 1191 560 1251 Καλεῖς
583 1187 647 1242 δέ
659 1208 830 1256 τινας,
855 1190 979 1256 ἔφη,
1005 1183 1390 1251 διδασκάλους,
1412 1179 1448 1253 ἢ
1467 1180 1539 1237 οὕ
1551 1206 1566 1249 ;
1580 1179 1748 1252 Ὡμο-

63 1267 229 1339 λόγει.
306 1265 538 1324 Οὐκοῦν
564 1275 678 1324 τῶν
704 1267 1116 1339 μανθανόντων
1145 1270 1202 1322 oc
1227 1266 1550 1321 διδάσκαλοι
1590 1264 1748 1319 διδά-

65 1355 264 1406 σκαλοί
297 1355 466 1420 εἰσιν,
506 1349 694 1420 ὥσπερ
725 1348 755 1406 ὁ
783 1348 1110 1421 κιθαριστὴς
1137 1351 1228 1405 καὶ
1270 1346 1299 1404 ὁ
1339 1346 1746 1418 γραμματιστὴς

64 1431 391 1488 διδάσκαλοι
409 1431 596 1504 δήπου
610 1426 755 1504 ἦσαν
772 1440 878 1489 σοῦ
898 1434 989 1489 καὶ
1006 1438 1120 1487 τῶν
1139 1430 1325 1488 ἄλλων
1339 1434 1571 1498 παίδων,
1593 1427 1749 1501 ὑμεῖς

65 1515 125 1571 δὲ
153 1520 404 1586 μαθηταί
411 1538 428 1582 3
464 1517 714 1586 Συνέφη.
767 1515 936 1571 ”Amo
967 1537 1018 1570 τι
1036 1508 1168 1584 οὖν,
1198 1511 1364 1584 ἡνίκα
1383 1512 1746 1584 ἐμανθάνετε,

65 1595 224 1653 οὔπω
246 1595 556 1668 ἠπίστασθε
575 1604 776 1663 ταῦτα,
816 1594 850 1653 ἃ
880 1596 1251 1668 ἐμανθάνετε;
1291 1594 1410 1651 Οὐκ
1441 1600 1562 1667 ἔφη.
1629 1589 1745 1662 Ἆρ’

64 1672 173 1735 οὖν
193 1681 357 1748 σοφοὶ
374 1672 498 1750 ἦτε,
529 1677 621 1735 ὅτε
639 1686 813 1735 ταῦτα
833 1678 936 1735 οὐκ
956 1677 1293 1750 ἠπίστασθε;
1332 1676 1417 1734 Οὐ
1438 1682 1575 1749 δῆτα
1590 1720 1603 1744 ,
1637 1671 1674 1749 ἦ
1694 1675 1745 1732 δ’
1779 1696 1815 1739 Β

65 1758 143 1826 ὃς.
218 1757 449 1815 Οὐκοῦν
486 1765 537 1816 εί
570 1760 644 1831 μή
684 1766 878 1830 σοφοί,
921 1758 1183 1831 ἀμαθεῖς;
1226 1759 1392 1814 Πάνυ
1430 1780 1506 1828 γε.
1572 1756 1749 1828 ’Τμεῑς

64 1839 174 1909 ἄρα
195 1841 581 1913 μανθάνοντες
599 1840 636 1897 α’
657 1841 762 1899 οὐκ
781 1841 1091 1914 ἠπίστασθε
1104 1884 1117 1910 ,
1151 1840 1386 1913 ἀμαθεῖς
1405 1838 1560 1906 ὄντες
1579 1842 1749 1911 ἐμαν-

65 1923 285 1981 θάνετε.
330 1922 620 1982 Ἐπένευσε
640 1924 700 1981 τὸ
733 1926 1034 1997 μειράκιον.
1113 1929 1186 1981 OC
1201 1923 1436 1996 ἀμαθεῖς
1455 1924 1564 1994 ἄρα
1582 1925 1750 1995 σοφοὶ

66 2006 462 2078 μανθάνουσιν
477 2051 491 2076 ,
523 2003 569 2063 ὦ
585 2015 841 2079 Κλεινία,
875 2008 996 2065 ἀλλ’
1021 2007 1122 2080 οὐχ
1140 2011 1196 2064 οἱ
1212 2014 1405 2079 σοφοί,
1446 2005 1519 2073 ὦς
1538 2008 1610 2064 σὺ
1629 2015 1748 2064 οἴει.

67 2088 227 2146 ταῦτ’
261 2084 367 2147 οὖν
387 2092 639 2158 εἰπόντος
656 2092 833 2149 αὐτοῦ
846 2136 859 2162 ,
893 2092 1076 2162 ὥσπερ
1097 2090 1203 2148 ὑπὸ
1229 2092 1569 2147 διδασκάλου
1586 2088 1752 2161 χορὸς

69 2169 558 2244 ἀποσημήναντος,
600 2174 713 2246 ἅμα
741 2174 1172 2247 ἀνεθορύβησάν
1200 2196 1256 2230 τε
1286 2176 1376 2230 καὶ
1406 2176 1674 2244 ἐγέλασαν
1699 2176 1756 2229 οἱ

69 2254 330 2325 iudaeum
349 2257 549 2311 ἐκεῖνοι
564 2255 698 2327 μετά
716 2265 818 2312 τοῦ
837 2255 1278 2325 Διονυσοδώρου
1295 2278 1352 2311 τε
1371 2258 1459 2311 καὶ
1473 2252 1744 2327 Εὐθυδή-
1782 2272 1817 2314 0

67 2358 203 2409 μου·
238 2339 329 2394 καὶ
352 2340 487 2406 πρὶν
517 2336 866 2395 ἀναπνεῦσαι
895 2346 1076 2404 καλῶς
1097 2361 1154 2394 τε
1173 2340 1263 2394 καὶ
1283 2332 1348 2394 εὖ
1366 2337 1424 2394 τὸ
1447 2337 1752 2410 μειράκιον,

67 2418 426 2490 ἐκδεξάμενος
461 2417 491 2475 ὁ
528 2421 985 2491 Διονυσόδωρος,
1030 2426 1099 2476 Τί
1132 2423 1217 2491 δέ,
1258 2414 1302 2476 ὦ
1333 2426 1588 2492 Κλεινία,
1626 2425 1751 2492 ἔφη,

68 2496 235 2556 ὁπότε
255 2498 675 2572 ἀποστοματίζοι
692 2501 825 2573 ὑμῖν
844 2501 872 2559 ὁ
895 2503 1318 2574 γραμματιστής,
1341 2503 1563 2571 πότεροι
1581 2503 1754 2574 ἐμάν-

72 2590 260 2639 θανον
286 2590 400 2638 τῶν
428 2588 643 2640 παίδων
663 2584 728 2641 τά
749 2583 1318 2657 ἀποστοματιζόμενα,
1358 2589 1414 2641 οἱ
1442 2587 1607 2655 σοφοὶ
1636 2580 1672 2656 ἢ
1702 2586 1759 2640 οἰ

67 2663 330 2737 ἀμαθεῖςς
369 2669 445 2722 OC
458 2673 651 2737 σοφοί,
685 2672 789 2739 ἔφη
811 2665 838 2722 ὁ
862 2673 1133 2733 Κλεινίας.
1208 2669 1282 2723 Ol
1296 2668 1462 2737 σοφοὶ
1480 2665 1589 2736 ἄρα
1610 2687 1752 2737 μαν-

68 2745 374 2814 θάνουσιν,
406 2746 530 2804 ἀλλ’
555 2746 656 2820 οὐχ
676 2753 732 2805 ol
748 2749 1008 2820 ἀμαθεῖς,
1046 2752 1138 2806 καὶ
1158 2747 1261 2805 οὐκ
1283 2748 1471 2820 ὀρθῶς
1488 2747 1611 2818 ἄρτι
1635 2746 1752 2804 Εὐ-

67 2828 303 2900 θυδήμῳ
324 2826 617 2897 ἀπεκρίνω.
