1994 3100
887 0 1085 38 *tetam-rc*
1099 0 1160 20 W

729 121 1112 164 PRAEFATIO.
1738 132 1814 164 xm

6 243 107 286 stov
135 241 314 298 pluralis
344 250 543 281 numerus
570 232 622 278 οἰ
643 233 751 290 περὶ
782 229 873 289 τὴν
903 235 986 277 τοῦ
1016 229 1227 291 σώματος
1256 229 1444 291 τροφὴν
1474 237 1603 278 modo
1628 236 1816 278 declara-

7 302 108 349 ,τίη
138 302 177 343 si
203 298 304 352 qnid
331 299 463 353 igitur
482 298 525 337 in
554 296 694 337 verbis
725 295 973 336 mutandum
994 296 1063 344 sit,
1094 287 1225 349 παρά
1251 306 1335 335 του
1366 288 1582 347 καπήλου
1613 283 1643 346 ἢ
1674 286 1816 346 ἐμπό-

24 370 112 414 ρου
140 357 399 413 praeferam:
433 353 564 395 salvis
590 359 727 394 autem
754 353 894 393 verbis
916 346 1131 406 καπήλου
1159 348 1239 394 καὶ
1260 345 1472 405 ἐμπόρου
1501 364 1579 406 per
1603 351 1818 406 glossema

20 417 196 460 demum
224 415 454 455 accessisse
480 412 688 464 suspicor.
717 431 777 440 —
806 411 852 451 P.
878 408 965 452 315
991 411 1023 451 B
1049 407 1264 464 πρόσθεν
1287 409 1343 459 0,
1375 404 1644 462 ἔμπροσθεν
1675 407 1815 449 VBST

7 467 203 519 obolemni
232 471 457 517 varietate.
494 470 536 509 in
574 479 659 520 qua
686 475 825 508 tamen
852 467 991 512 Turie.
1023 481 1193 523 semper
1218 468 1323 510 alias
1355 467 1490 509 Oxou.
1520 467 1816 507 auctoritatem

7 521 159 577 ‘licenti
189 535 301 570 snm.
329 549 387 560 -
418 529 463 571 Ρ.
494 525 581 570 315
613 526 646 566 s
675 522 810 564 τοῦτο
842 512 904 576 ἦν
931 525 986 577 0,
1020 522 1156 567 τοῦτο’
1185 519 1224 566 τ’
1252 514 1313 579 ἦν
1339 525 1470 575 vas,
1503 518 1633 564 τοῦτ’
1664 511 1749 564 οὖν
1779 521 1813 564 τ

6 596 123 635 imm
145 585 410 634 Heindorfio;
438 591 479 625 at
500 585 537 624 si
554 576 797 635 μειράκιον
819 594 902 622 una
925 597 1019 624 cum
1042 586 1314 637 sequentibus
1335 583 1574 624 nominibus
1603 582 1658 622 ad
1678 574 1816 634 ἐφαί-

5 656 167 688 νον-το
199 643 490 689 retulerimus,
527 642 680 680 mirum
718 641 796 680 erit
835 639 939 681 illud
973 641 1135 694 solnm,
1175 653 1256 682 non
1292 642 1419 681 etiam
1450 641 1704 682 Pausaniam
1734 638 1816 679 hoc

8 700 157 746 'modo
189 701 337 754 repeti.
366 721 426 730 —
455 698 502 740 P.
534 695 622 740 318
649 697 685 737 D
715 694 910 747 Κριτίας
940 698 1080 739 Herm.
1119 712 1172 739 ex
1204 699 1313 752 conj.
1346 711 1422 752 pro
1453 695 1680 743 Kal-Mae.-
1723 695 1817 737 Cai-

10 760 107 806 uias
138 759 273 807 enim,
305 769 428 809 quem
457 755 583 796 modo
614 755 728 808 apud
753 755 948 808 Hippiam
978 756 1179 797 subsellia
1207 756 1471 810 disposuisse
1501 754 1707 808 legimus,
1743 754 1818 794 vix

7 831 46 866 ἠ·
70 823 193 859 ·terst
227 815 392 856 interim
430 814 484 854 ad
514 814 737 854 Prodicum
776 814 1072 854 arcessendum
1110 814 1289 862 abiisse3
1331 812 1501 853 Critiam
1535 819 1704 860 contra,
1743 812 1814 863 qui

8 887 126 916 samm
156 872 376 915 Alcibiade
412 877 604 918 venerat,
645 870 824 911 eundem
863 871 906 911 in
940 871 1022 912 hoc
1057 872 1225 926 negotio
1257 871 1447 911 comitari
1486 876 1813 911 consentaneum

85 939 133 973 t.
166 953 227 962 —
257 931 302 970 P.
328 926 416 971 319
445 930 475 969 Β
505 920 634 974 ὅπως
667 917 727 966 ἄν
753 920 933 968 οἷπισταῖ
960 928 1091 979 vssS,
1128 920 1257 974 ὅπως
1288 922 1467 967 ἀπιστῶ
1496 927 1531 968 Τ
1561 939 1657 968 cum
1689 927 1806 966 Hein-

21 990 191 1038 orflo,
231 998 325 1028 mea
363 998 531 1039 qunque
565 986 774 1026 sententia
812 991 945 1034 recte3
994 987 1109 1027 nolui
1143 993 1283 1026 tamen
1322 986 1574 1040 particulam
1614 984 1817 1024 librorum

8 1044 467 1142 f-·nseusnntruditam.
494 1042 911 1142 ὅαᾶίοἰῑυξΐιῗζὶῐετε,
936 1043 1111 1143 θὶἑεῳιοε
1133 1057 1170 1087 c.
1209 1043 1360 1084 Stallb.
1386 1042 1623 1141 Scatssceclllisb
1639 1041 1816 1140 ffielusi:

111 1110 151 1144 et
213 1132 225 1142 .
282 1113 469 1142 ermanni
530 1113 672 1154 puscc.
732 1130 744 1141 .
830 1130 841 1140 .
867 1112 911 1154 p.
1017 1109 1057 1141 et
1115 1114 1286 1142 ommer.
1319 1102 1362 1141 in
1418 1113 1464 1140 ee
1497 1114 1519 1141 ο
1555 1130 1566 1141 .
1625 1100 1640 1139 i
1686 1127 1697 1137 .
1722 1100 1814 1139 crit.

8 1156 37 1193 ’ἢ
57 1158 168 1209 829,
198 1173 239 1215 p.
272 1156 372 1205 573.
402 1180 463 1190 —
492 1160 536 1200 P.
565 1157 646 1200 321
685 1159 715 1198 B
743 1151 875 1208 ὄνυξι
906 1158 939 1198 Η
980 1173 1032 1200 ex
1069 1160 1180 1212 conj.
1215 1159 1395 1206 Pabstii,
1436 1157 1653 1198 seminarii
1683 1157 1818 1196 nostri

14 1193 29 1245 (
83 1220 211 1266 mni;
242 1212 379 1268 θριξὶ
406 1214 547 1256 VBST
576 1228 671 1257 cum
704 1214 846 1268 libris,
877 1217 952 1256 sed
978 1225 1023 1257 ut
1054 1216 1162 1257 male
1192 1219 1413 1271 repetitum
1448 1229 1500 1256 ex
1529 1214 1818 1269 praecedenti-

72 1295 75 1309 ·
97 1306 102 1310 ⁴
134 1276 188 1317 ab
210 1274 292 1316 hoe
318 1274 411 1315 ioco
440 1285 615 1327 prorsus
641 1272 824 1314 alienum
852 1285 944 1314 esse
968 1275 1128 1314 dudum
1155 1275 1338 1315 editores
1361 1273 1651 1315 intellexerint.
1685 1271 1819 1312 Ficini

26 1329 416 1387 tterpretstionem
450 1331 615 1371 ruerunt
655 1332 728 1384 qui
764 1326 919 1377 τύλοις
957 1333 1250 1373 commendare
1281 1332 1604 1378 arbitr-arentum
1646 1330 1711 1370 eui
1744 1341 1818 1370 cur

2 1398 42 1445 4⁷
71 1410 100 1425 ·:
127 1402 218 1430 rum
256 1395 463 1443 praestet,
502 1401 585 1429 non
624 1397 687 1429 est
720 1390 834 1441 quod
866 1389 1056 1442 pluribus
1087 1402 1290 1430 enarrem.
1322 1410 1381 1421 ·—
1411 1390 1457 1430 P.
1487 1386 1568 1430 321
1602 1386 1634 1428 C
1664 1381 1731 1432 εἰς
1760 1379 1819 1426 τὰ

98 1468 103 1481 ι
143 1458 175 1487 α
204 1454 302 1501 post
327 1441 659 1492 καταναλώσας
685 1441 767 1494 τὰς
798 1439 1042 1498 δυνάμεις,
1062 1448 1149 1499 jam
1174 1460 1197 1488 a
1219 1447 1314 1487 Tur.
1342 1459 1417 1500 pro
1449 1447 1818 1499 interpretamento

273 1512 367 1559 pta,
398 1505 496 1556 qnia
526 1505 578 1545 ab
602 1502 736 1544 Oxon.
770 1505 943 1553 absunt,
977 1506 1146 1545 omnino
1170 1505 1328 1551 delevi;
1362 1516 1462 1544 mox
1489 1510 1627 1543 autem
1653 1514 1698 1555 p.
1731 1498 1818 1542 322

28 1568 30 1571 '
99 1564 192 1618 ipse
221 1563 532 1616 circumscripsi
572 1559 654 1601 τοῦ
683 1559 820 1610 θεοῦ,
861 1562 975 1613 quod
1015 1564 1050 1602 si
1081 1562 1219 1603 locum
1258 1575 1380 1602 suum
1414 1562 1522 1602 tueri
1555 1571 1662 1613 opus
1693 1566 1819 1603 esset.

68 1646 83 1653 --
117 1632 143 1661 e
182 1621 226 1661 in
263 1618 346 1659 τοῦ
372 1617 512 1660 θείου
552 1619 796 1660 mutandum
838 1619 966 1666 forem
1005 1631 1114 1659 nunc
1150 1619 1284 1659 lenius
1323 1620 1463 1659 visum
1504 1626 1568 1658 est
1604 1616 1819 1671 glossema

14 1677 230 1723 ec'tntnere.
254 1700 312 1708 —
335 1677 379 1718 P.
401 1675 488 1719 325
508 1676 543 1716 D
573 1668 700 1723 ὅπως
721 1674 948 1732 βέλτιστος
971 1675 1019 1724 Ο,
1051 1667 1180 1722 ὅπως
1207 1669 1270 1722 ὥς
1300 1672 1529 1732 βέλτιστος
1552 1672 1706 1722 VEST,
1735 1686 1818 1725 quo

19 1745 116 1777 «που
146 1735 284 1789 magis
307 1734 546 1788 indigemus
576 1746 702 1786 quam
736 1734 868 1776 Alcib.
900 1734 930 1775 1.
965 1745 1008 1786 p.
1046 1733 1124 1777 121
1159 1733 1190 1774 C
1217 1727 1347 1780 ὅπως
1375 1725 1449 1774 ὅτι
1480 1725 1737 1777 κάλλιστος.
1759 1751 1820 1763 -

36 1791 83 1837 P.
108 1789 195 1834 327
226 1792 258 1832 E
283 1790 502 1844 φαίνεται
533 1784 602 1838 εἰς
625 1791 680 1839 Η,
708 1790 927 1844 φαίνεται
954 1787 1049 1832 εἷθ’
1077 1790 1229 1844 VBST,
1261 1791 1373 1843 quod
1403 1797 1544 1831 tamen
1571 1791 1661 1842 Jam
1691 1787 1819 1830 Hein-

33 1838 192 1895 Dorflns
224 1861 438 1904 nuperque
473 1847 736 1890 Steinhartus
772 1850 813 1889 in
842 1844 965 1889 εἶναι
990 1849 1142 1889 mutari
1166 1849 1409 1895 voluerunt;
1442 1859 1579 1888 meam
1606 1847 1819 1899 conjectu-

16 1932 19 1949 ·
94 1928 113 1943 ··
150 1914 190 1947 et
221 1906 352 1948 literis
384 1914 423 1948 et
454 1907 687 1947 sententiae
714 1908 918 1960 aptiorem
945 1919 1039 1947 esse
1069 1907 1273 1956 arbitror,
1303 1907 1425 1959 cujus
1455 1907 1520 1946 vis
1547 1906 1589 1945 in
1617 1903 1698 1945 hac
1725 1903 1821 1956 ipsa

22 1990 39 2042 .
117 1965 319 2017 cernitur,
354 1971 399 2005 ut
435 1976 557 2005 nemo
590 1976 698 2006 unus
730 1966 931 2019 magister
967 1971 1182 2018 appareat.
1217 1985 1277 1994 —
1311 1965 1354 2005 P.
1392 1961 1479 2005 328
1508 1962 1541 2003 B
1570 1954 1738 2014 σ’νῆσαι
1768 1959 1818 2008 Η,

76 2020 202 2076 ἧσαι
230 2019 371 2062 VEST
395 2034 489 2063 cum
521 2022 660 2069 libris,
700 2023 775 2063 sed
807 2023 1026 2062 manifesta
1059 2022 1317 2074 corruptela,
1348 2034 1455 2073 quae
1484 2033 1536 2061 ne
1567 2025 1822 2060 structuram

38 2126 45 2133 Ι
77 2103 80 2111 .
110 2079 207 2121 dem
237 2078 431 2121 idoneam
461 2079 611 2126 efficit:
644 2079 807 2121 duabus
840 2079 974 2120 literis
1000 2079 1268 2133 transpositis
1298 2080 1438 2120 omnia
1464 2085 1579 2118 sarta
1606 2083 1715 2118 tecta
1743 2075 1821 2116 ha-

22 2154 41 2195 v⁴
78 2163 90 2170 -‹
114 2167 125 2177 .
155 2159 207 2169 —
247 2136 292 2176 P.
327 2134 415 2179 ³29
445 2138 481 2176 A
513 2130 597 2190 οὐχ
630 2143 724 2177 ante
754 2128 908 2189 ὥσπερ
938 2134 1092 2193 βιβλία
1120 2138 1279 2177 inserui
1312 2150 1363 2178 ex
1395 2136 1658 2190 conjectura,
1699 2133 1821 2185 cujus

20 2214 22 2222 ι
84 2195 240 2235 tionem
269 2194 433 2235 reddidi
473 2195 515 2235 in
548 2194 810 2237 Schneidew.
847 2194 1066 2248 Philologo
1097 2193 1143 2233 T.
1175 2194 1243 2234 ΠΙ.
1277 2206 1318 2247 p.
1358 2193 1455 2236 105.
1496 2215 1557 2224 —-
1595 2193 1638 2233 P.
1671 2188 1756 2234 331
1789 2189 1822 2230 Β

24 2244 207 2295 ιταῦτόν
237 2242 330 2291 ἔστι
357 2251 391 2289 0
422 2258 462 2291 et
488 2251 575 2298 VB,
606 2244 776 2292 ταύτόν
806 2249 854 2306 γέ
882 2244 974 2292 ἔστι
1005 2252 1069 2292 8Τ
1093 2264 1185 2292 eum
1214 2252 1360 2292 multis
1388 2251 1520 2297 libris,
1553 2261 1635 2290 non
1666 2255 1821 2293 tamen.

164 2306 314 2349 Staiib.
349 2309 526 2361 rutente,
559 2310 753 2363 optimis,
784 2323 890 2362 quos
921 2311 989 2361 qui
1018 2310 1220 2360 correxit,
1252 2321 1304 2349 ne
1332 2310 1467 2363 ipsius
1494 2307 1663 2360 quidem
1694 2305 1823 2359 parti-

24 2375 25 2378 ’
76 2387 78 2396 =
106 2378 158 2407 ae
188 2368 389 2407 rationem
420 2366 523 2406 satis
548 2367 780 2408 advertisse
816 2367 992 2408 videtur.
1026 2388 1085 2398 —
1122 2367 1164 2407 P.
1196 2365 1282 2408 332
1313 2367 1348 2406 A
1378 2361 1421 2406 εἰ
1449 2374 1489 2407 et
1520 2358 1749 2415 ἔπραττον
1781 2375 1819 2403 c.

47 2434 71 2467 ,’
96 2422 187 2465 tu».
224 2424 551 2477 circumscripsi:
593 2436 728 2476 neque
761 2426 869 2465 enirn
905 2426 1012 2464 inter
1044 2438 1090 2465 se
1126 2430 1396 2477 opponuntur
1435 2424 1627 2464 diversae
1667 2419 1823 2475 agendi

36 2504 46 2538 ',
105 2482 247 2529 iones,
275 2483 427 2533 quibus
458 2483 721 2532 σωφρονεῖν
749 2481 941 2522 homines
974 2482 1215 2527 videantur:
1247 2482 1323 2522 sed
1354 2481 1398 2523 id
1424 2480 1653 2533 quaeritur,
1682 2484 1823 2518 utrum

81 2551 106 2581 c
129 2546 303 2595 agentes
338 2541 602 2591 σωφρονεῖν
634 2539 853 2580 videantur
882 2551 933 2579 an
970 2542 1082 2579 non?
1114 2540 1255 2579 Verba
1286 2541 1524 2593 importuna
1551 2537 1694 2578 addite
1725 2538 1826 2575 sunt

79 2619 83 2628 ·
118 2597 312 2646 homine,
347 2597 418 2649 qui
449 2587 594 2643 οὕτως
625 2606 661 2638 et
693 2589 970 2636 τούναντίον
1003 2597 1159 2650 opponi
1193 2597 1478 2637 arbitraretur.
1511 2617 1569 2626 —
1603 2596 1647 2635 P.
1674 2590 1760 2636 342
1790 2591 1823 2633 B

42 2678 53 2704 '.
105 2665 132 2695 ν
160 2653 337 2705 σοφίαν
368 2661 463 2708 post
498 2648 721 2707 ἄσκήσειν
760 2667 810 2694 ex
852 2652 987 2695 Oxou.
1026 2654 1185 2706 Νηρεῖ,
1228 2654 1342 2707 quod
1374 2654 1453 2694 etsi
1485 2653 1527 2693 in
1560 2651 1643 2693 alio
1674 2650 1824 2691 codice

15 2713 17 2743 ἰ
49 2729 73 2750 r
102 2713 392 2766 erpretamonti
430 2714 711 2766 suspicionem
750 2712 1035 2766 praebiturum
1073 2713 1150 2761 sit,
1189 2712 1228 2751 in
1261 2710 1341 2752 hoc
1373 2711 1480 2751 adeo
1510 2722 1589 2751 non
1625 2719 1824 2762 spernen-

127 2790 130 2798 ·
170 2777 256 2817 est,
283 2778 325 2810 ut
352 2768 468 2810 hand
492 2770 619 2810 sciam
649 2782 698 2811 an
733 2782 907 2810 acumen
937 2769 1015 2810 loci
1045 2769 1222 2822 repetito
1251 2769 1477 2820 vocabulo,
1506 2769 1546 2807 in
1575 2780 1657 2818 quo
1685 2764 1824 2805 omnis

35 2844 71 2882 ιι
114 2839 135 2867 s
171 2827 301 2868 ironia
340 2828 472 2875 inest,
508 2827 632 2869 etiam
669 2840 719 2869 au
756 2833 888 2867 catur.
942 2826 1012 2867 Sic
1046 2826 1144 2869 Crit.
1180 2838 1213 2866 c.
1253 2826 1304 2867 15
1339 2838 1433 2866 cum
1473 2826 1511 2866 vi
1549 2825 1724 2866 iteratur
1756 2816 1825 2867 εἰς

83 2902 87 2911 ·
132 2882 317 2933 ταλίαν,
347 2885 445 2926 item
477 2884 622 2940 Symp.
655 2898 691 2929 c.
721 2839 780 2927 go
810 2876 920 2934 παρ’
944 2876 1180 2936 Ἀγάθωνα
1211 2891 1289 2928 etc.
1315 2905 1375 2915 —
1406 2884 1447 2924 P.
1478 2880 1565 2924 342
1592 2881 1625 2921 E
1651 2873 1707 2919 τὰ
1737 2873 1821 2931 μὲν

13 3016 23 3044 ᾖ
47 3010 77 3100 ἓ
