2020 3094
237 103 338 154 102
834 106 1316 155 ΠΛΑΤῼΝΟΣ
1854 118 1901 158 14

176 247 207 289 C
236 254 347 290 πει“
378 235 481 292 οὐκ
501 237 704 293 ἐλάττω
726 238 982 309 πράττων
997 238 1199 293 ἐλάττω
1220 234 1288 294 ἂν
1312 240 1686 312 ἐξαμαρτάνοι,
1704 242 1903 296 ἐλάττω

238 319 295 374 δὲ
317 316 652 389 ἁμαρτάνων
674 312 840 391 ἧττον
861 316 932 373 ἄν
950 327 1133 384 κακῶς
1154 321 1407 392 πράττοι,
1447 315 1608 393 ἧττον
1640 324 1698 377 δὲ
1726 329 1905 387 κακῶς

236 401 492 469 πράττων
522 398 719 464 ἅθλιος
754 394 920 471 ἧττον
956 399 1027 457 ἂν
1064 411 1173 473 εἰή;
1208 403 1372 458 Πάνυ
1389 401 1456 474 γ’,
1481 407 1602 474 ἔφη.
1658 404 1907 473 Πότερον

238 477 341 538 οὖν
361 478 431 537 ἂν
449 489 659 552 μᾶλλον
689 483 892 538 ἐλάττω
921 507 1002 548 τις
1020 485 1247 553 πράττοι
1274 489 1440 555 πένης
1463 481 1543 539 ὢν
1561 481 1595 555 ἢ
1614 485 1903 550 πλούσιος;

238 568 442 635 Πένης,
482 569 601 635 ἔφη.
659 566 913 635 Πότερον
932 569 990 621 δὲ
1021 565 1265 638 άσθενὴς
1291 564 1325 638 ἢ
1355 566 1598 637 ἰσχυρός;
1628 564 1905 638 Ἀσθενής.

233 646 484 716 Πότερον
514 647 572 702 δὲ
602 650 813 717 ἔντιμος
840 643 878 718 ἢ
907 646 1123 719 ἅτιμος;
1142 649 1374 720 ’Ἁτιμος
1429 649 1681 717 Πότερον
1711 648 1769 703 δὲ
1803 646 1904 702 άν-

235 733 413 798 δρεῑος
434 725 513 783 ὦν
533 732 621 784 καὶ
643 729 887 799 σώφρων
906 731 1109 787 ἐλάττω
1127 728 1199 787 σ’ἱν
1231 731 1458 800 πράττοι
1475 727 1512 801 ἢ
1533 730 1735 796 δειλός;
1771 739 1904 785 Δει-

234 812 341 876 λός.
404 809 633 867 Οὐκοῦν
662 812 752 866 καὶ
782 809 950 880 ἀργὸς
978 810 1245 884 μάλλονῆ
1275 814 1532 884 ἐργάτης;
1571 812 1902 883 Συνεχώρει.

172 907 203 947 D
239 896 342 950 Καὶ
361 893 571 965 βραδύς
595 900 806 965 μᾶλλον
824 890 859 965 ἢ
878 894 1072 965 ταχύς,
1092 899 1181 953 καὶ
1202 895 1384 969 άμβλύ
1401 894 1553 968 ὁρῶν
1572 897 1662 951 καὶ
1681 894 1906 951 ἀκούων

234 983 446 1048 μᾶλλον
476 973 510 1048 ἦ
540 974 668 1043 ὀξύς
707 977 899 1032 Πάντα
929 976 994 1032 τὰ
1027 986 1254 1035 τοιαῦτα
1285 983 1703 1050 ξυνεχωροῦμεν
1735 975 1905 1047 ἀλλή-

234 1067 362 1124 λοις.
393 1057 484 1114 Ἐν
502 1065 781 1132 κεφαλαίῳ
804 1058 855 1114 δ’
872 1103 887 1129 ,
911 1064 1079 1131 ἔφην,
1103 1055 1148 1117 οἷ
1164 1067 1409 1132 Κλεινία,
1430 1061 1742 1117 κινδυνεύει
1762 1060 1905 1130 σύμ-

235 1164 413 1198 παντα
428 1186 441 1210 ,
463 1140 498 1198 ἃ
516 1141 575 1198 τὸ
599 1150 822 1212 πρῶτον
843 1147 1052 1213 ἔφαμεν
1072 1143 1259 1214 άγαθὰ
1282 1142 1446 1214 εἶναι,
1476 1142 1542 1199 οὐ
1562 1145 1685 1212 περὶ
1704 1143 1906 1197 τούτου

234 1223 263 1280 ὁ
294 1226 457 1296 λόγος
487 1226 674 1291 αὐτοῖς
703 1225 871 1297 εἶναι,
912 1225 1061 1290 ὅπως
1089 1224 1228 1281 αὐτά
1258 1247 1319 1295 γε
1349 1224 1471 1280 καθ’
1498 1223 1633 1279 αὑτά
1658 1224 1906 1295 πέφυκεν

233 1307 450 1379 ἀγαθά,
490 1306 604 1365 ἀλλ’
629 1306 700 1373 ὡς
732 1314 911 1365 ἔοικεν
942 1302 1042 1363 οἷδ’
1063 1314 1194 1380 ἔχει·
1242 1307 1339 1363 ἐὰν
1368 1309 1468 1380 μὲν
1498 1307 1682 1363 αὐτῶν
1710 1306 1905 1378 ἡγῆται
1968 1334 1977 1338 -

234 1390 445 1462 άμαθία
459 1435 472 1459 ,
494 1397 654 1462 μείζω
674 1389 817 1447 κακά
844 1391 986 1447 εἶναι
1005 1397 1119 1446 τῶν
1137 1393 1430 1461 ἐναντίων,
1458 1389 1570 1462 ὅσῳ
1595 1389 1903 1444 δυνατώτε-

235 1497 304 1546 ρα
334 1473 626 1546 ὑπηρετεῖν
646 1482 721 1549 τῷ
750 1474 1038 1548 ἡγουμένῳ
1070 1481 1222 1548 κακῷ
1252 1473 1396 1529 ὄντι·
1432 1471 1530 1529 ἐάν
1550 1475 1607 1527 δὲ
1637 1472 1904 1542 φρόνησίς

173 1564 207 1605 Ε
236 1579 293 1612 τε
313 1559 403 1613 καὶ
423 1562 618 1628 σοφία,
640 1563 799 1628 μείζω
822 1556 1009 1627 άγαθά
1025 1579 1036 1589 ·
1076 1555 1214 1612 αὐτὰ
1247 1557 1306 1612 δὲ
1336 1555 1460 1612 καθ’
1482 1553 1621 1611 αὑτά
1645 1552 1901 1623 οὐδέτερα

233 1640 419 1697 αὐτῶν
439 1639 668 1705 οὐδενὸς
688 1639 811 1707 ἄξια
833 1640 986 1696 εἶναι.
1030 1645 1314 1708 Φαίνεται,
1341 1643 1444 1710 ἔφη
1458 1681 1472 1710 ,
1499 1636 1570 1702 ὡς
1588 1642 1781 1707 ἔοικεν,
1803 1634 1900 1691 οὕ-

233 1747 364 1796 τως,
389 1723 462 1789 ὡς
483 1723 552 1778 σύ
573 1727 759 1793 λέγεις.
809 1729 877 1778 Τί
892 1716 999 1777 οὖν
1017 1721 1151 1793 ἡμῖν
1168 1727 1459 1793 συμβαίνει
1480 1723 1537 1776 ἐκ
1557 1727 1669 1775 τῶν
1688 1719 1898 1790 εἰρημέό

236 1829 375 1871 νων;
411 1806 546 1862 ἄλλο
566 1827 618 1861 τι
638 1802 675 1875 ἦ
693 1811 805 1860 τῶν
824 1805 925 1875 μὲν
943 1803 1128 1860 ἄλλων
1147 1804 1313 1861 οὐδὲν
1331 1800 1398 1860 ὂν
1418 1803 1546 1859 οὔτε
1565 1799 1787 1873 ἀγαθὸν
1803 1799 1901 1856 οὔ·

235 1910 291 1943 τε
316 1889 522 1955 κακόν,
559 1888 781 1943 τούτοιν
809 1887 867 1942 δὲ
901 1891 1059 1942 δυοῖν
1085 1885 1272 1942 ὄντοιν
1297 1884 1329 1957 ἡ
1353 1887 1454 1955 μὲν
1474 1889 1642 1954 σοφία
1661 1882 1900 1954 ἀγαθόν,

232 1969 265 2041 ἡ
289 1972 346 2027 δὲ
368 1969 579 2042 ἀμαθία
598 1970 802 2037 κακόν;
829 1968 1130 2040 Ὡμολόγει.

122 2063 206 2108 282
372 2062 433 2111 X.
494 2055 609 2111 Ἕτι
644 2061 835 2110 τοίνυν
849 2097 863 2126 ,
914 2058 1079 2126 ἔφην,
1136 2054 1196 2109 τὸ
1235 2052 1430 2109 λοιπὸν
1465 2051 1900 2122 ἐπισκεψώμεθα.

234 2139 417 2210 ἐπειδὴ
441 2139 761 2211 εὐδαίμονες
777 2139 879 2210 μὲν
900 2137 1038 2193 εἶναι
1058 2137 1505 2208 προθυμούμεθα
1528 2136 1744 2204 πάντες,
1766 2133 1903 2203 ἐφά-

236 2243 408 2292 νημεν
424 2225 482 2278 δὲ
492 2230 734 2278 τοιοῦτοι
748 2220 1066 2292 γιγνόμενοι
1082 2223 1140 2276 ἐκ
1155 2228 1256 2276 τοῦ
1267 2226 1512 2292 χρῆσθαί
1522 2241 1579 2274 τε
1594 2229 1705 2282 τοῖς
1722 2217 1902 2286 πράγ-

233 2322 364 2373 μασι
393 2306 484 2360 καὶ
514 2302 700 2375 ὀρθῶς
726 2311 993 2375 χρῆσθαι,
1031 2302 1134 2375 τὴν
1153 2303 1211 2359 δὲ
1239 2301 1515 2374 ὀρθότητα
1535 2303 1625 2357 καὶ
1647 2299 1901 2369 εὐτυχίαν

233 2386 496 2457 ἐπιστήμη
515 2385 549 2458 ἡ
570 2390 908 2458 παρέχουσα,
932 2390 1017 2441 δεῖ
1032 2387 1126 2457 δή,
1151 2383 1222 2451 ὡς
1241 2391 1446 2457 ἔοικεν,
1468 2389 1526 2442 ἐκ
1547 2380 1752 2446 παντὸς
1769 2381 1900 2452 τρό-

233 2489 343 2522 που
362 2468 577 2525 ἅπαντα
597 2470 775 2539 ἄνδρα
792 2476 954 2530 τοῦτο
976 2468 1516 2539 παρασκευάζεσθαι,
1541 2465 1690 2529 ὅπως
1711 2461 1781 2527 ὡς
1802 2480 1899 2518 σο-

231 2549 480 2619 φώτατος
501 2557 673 2607 ἔσται·
713 2549 750 2623 ἦ
769 2552 863 2618 οὕς
886 2557 1014 2622 Ναί,
1037 2556 1157 2622 ἔφη.
1208 2554 1308 2606 Καὶ
1328 2548 1475 2622 παρὰ
1495 2548 1699 2618 πατρός
1717 2569 1779 2617 γε
1800 2548 1899 2616 δή-

233 2652 341 2686 που
366 2640 527 2688 τοῦτο
560 2634 819 2704 οἰόμενον
849 2639 965 2689 δεῖν
992 2633 1442 2704 παραλαμβάνειν
1471 2629 1614 2686 πολὺ
1637 2625 1899 2700 μᾶλλονῆ

177 2729 204 2768 Β
235 2713 505 2785 χρήματα,
544 2718 635 2772 καὶ
664 2715 788 2788 παρ’
819 2716 1130 2786 ἐπιτρόπων
1157 2716 1247 2770 καὶ
1280 2721 1458 2785 φίλων
1481 2718 1593 2774 τῶν
1626 2733 1682 2767 τε
1714 2710 1900 2766 ἄλλων

230 2799 320 2850 καὶ
349 2803 462 2851 τῶν
492 2797 824 2869 φασκόντων
846 2800 1092 2868 ἐραστῶν
1121 2796 1287 2865 εἶναι,
1319 2798 1408 2852 καὶ
1438 2798 1608 2861 ξένων
1628 2797 1719 2851 καὶ
1740 2803 1898 2850 πολι-
