2020 3094
75 198 121 239 11
642 183 1185 234 ΕΤΒΓΔΗΜΟΣ.
1680 178 1749 229 99

74 320 256 391 ἐπειδὴ
278 320 603 391 βουλόμεθα
624 312 688 373 εὖ
719 317 1008 386 πράττειν,
1046 322 1163 382 πῶς
1190 310 1262 371 ἂν
1292 309 1358 372 εὖ
1386 313 1746 386 πράττοιμενς

71 398 162 471 ἆρ’
196 400 268 458 ἄν
296 407 347 459 εί
370 398 503 474 ἡμῖν
531 399 704 456 πολλὰ
735 396 960 469 κάγαθὰ
997 406 1109 469 εἴης
1144 393 1181 470 ἢ
1216 405 1380 454 τοῦτο
1418 399 1635 454 ἐκείνου
1671 399 1750 450 ἔτι

71 483 466 556 εὕηθέστερονς
505 486 679 554 δῆλον
706 480 813 551 γάρ
842 502 953 535 που
986 482 1078 537 καὶ
1104 488 1270 536 τοῦτο
1299 478 1385 537 ὅτι
1413 478 1592 545 οὕτως
1626 482 1749 549 ἔχει.

69 569 319 663 Συυέφη.
396 567 536 635 Φέρε
569 563 665 635 δή,
700 561 888 633 ἀγαθὰ
918 563 979 620 δὲ
1007 574 1138 619 ποῖα
1158 561 1265 634 ἄρα
1283 569 1398 619 τῶν
1416 561 1599 617 ὄντων
1615 581 1751 630 τυγ-

69 647 226 718 χάνει
243 645 374 718 ἡμῖν
393 645 555 702 ὄντα·
541 687 556 712 ,
584 643 623 715 ἢ
641 643 710 700 οὐ
731 643 974 746 χαλεπὸν
992 643 1124 702 οὐδὲ
1144 650 1354 716 σεμνοῦ
1373 641 1579 712 ανὸρός
1598 642 1750 698 πάνυ

70 754 121 786 τι
153 728 283 786 οὐδὲ
312 736 475 784 τοῦτο
506 733 686 784 ἔοικεν
716 726 856 782 εἶναι
883 726 1183 797 εὐπορεῖν;
1223 733 1328 791 πᾶς
1365 724 1471 795 γὰρ
1511 721 1583 780 ὀὶν
1619 722 1750 796 ἡμῖν

71 820 246 881 εἴποι,
284 809 443 868 ὅτιτὸ
475 818 735 867 πλουτεῖν
773 807 1023 880 ἀγαθόν·
1061 812 1095 880 ἡ
1133 810 1269 881 γάρ;
1306 808 1474 863 Πάνυ
1507 803 1585 878 γ’,
1625 811 1748 878 ἔφη.

75 892 303 951 Οὐκοῦν
332 897 423 951 καὶ
452 892 512 950 τό
547 891 820 964 ὑγιαίνειν
847 894 938 948 καὶ
966 891 1028 948 τὸ
1061 890 1235 948 καλὸν
1273 890 1413 947 εἶναι
1449 891 1540 945 καὶ
1578 882 1750 944 τᾶλλα

70 975 207 1034 κατὰ
228 976 290 1033 τὸ
314 984 472 1048 σῶμα
491 979 694 1040 ἱκανῶς
714 973 1195 1045 παρεσκευάσθαι;
1228 971 1552 1030 Συνεδόκει.
1587 970 1745 1027 Ἀλλὰ
1776 996 1806 1035 ss

70 1057 182 1132 μὴν
199 1059 475 1129 εὐγένειαί
486 1079 543 1113 τε
560 1060 651 1113 καὶ
669 1057 932 1128 δυνάμεις
951 1059 1042 1113 καὶ
1060 1060 1207 1129 τιμαὶ
1224 1061 1284 1114 ἐν
1301 1064 1367 1131 τῇ
1388 1058 1592 1113 ἑαυτοῦ
1613 1054 1751 1126 δῆλά

68 1144 216 1197 ἐστιν
234 1138 423 1212 ἀγαθὰ
442 1138 591 1197 ὄντα.
653 1138 958 1211 Ὡμολόγει.
1040 1147 1110 1197 Τί
1133 1135 1267 1213 οὖν,
1309 1144 1480 1212 ἔφην,
1522 1143 1600 1195 ἔτι
1618 1135 1751 1210 ἡμῖν

73 1229 310 1279 λείπεται
337 1229 451 1278 τῶν
482 1221 747 1293 ἆγαθῶν;
783 1228 840 1278 τί
860 1222 969 1291 ἄρα
998 1226 1112 1280 ἐστὶ
1140 1223 1200 1280 τὸ
1234 1223 1504 1296 σώφρονά
1533 1244 1590 1278 τε
1611 1220 1751 1278 εἶναι

0 1350 1 1354 ,
73 1307 161 1367 καὶ
182 1309 398 1362 δίκαιον
414 1308 506 1361 καὶ
524 1303 810 1375 ἆνδρεῖονς
832 1306 1069 1374 πότερον
1087 1304 1226 1376 πρὸς
1244 1306 1385 1371 Διός
1397 1349 1412 1377 ,
1435 1299 1481 1361 ὦ
1498 1309 1748 1375 Κλεινία,

72 1387 196 1461 ἡγεῖ
206 1388 304 1457 σύ,
335 1386 434 1444 ἐὰν
453 1393 625 1443 ταῦτα
643 1393 890 1459 τιθῶμεν
911 1385 985 1453 (ὃς
1004 1386 1193 1459 ἀγαθοὶ
1207 1431 1222 1460 ,
1266 1386 1455 1457 ὀρθῶς
1472 1386 1617 1460 ἡμᾶς
1636 1387 1749 1458 θή-

68 1490 215 1542 σειν,
253 1467 289 1542 ἢ
330 1469 430 1527 ἐὰν
466 1470 542 1542 μή
554 1494 570 1537 ;
609 1478 740 1536 ἴσως
773 1469 880 1541 γὰρ
918 1469 991 1525 ἅν
1019 1493 1099 1535 τις
1126 1468 1258 1542 ἡμῖν
1286 1470 1745 1544 ἀμφισβητήσειε·

68 1555 155 1610 σοὶ
176 1552 235 1609 δὲ
254 1559 370 1618 πῶς
390 1555 566 1617 δοκεῖ;
595 1550 836 1624 Ἀγαθά,
874 1558 979 1625 ἔφη
1000 1551 1029 1609 ὁ
1056 1559 1327 1619 Κλεινίας.
1397 1552 1558 1622 Εἶεν,
1599 1548 1672 1625 ἦν
1692 1552 1741 1609 δ’

66 1636 199 1707 ἐγώ·
238 1633 342 1706 τὴν
361 1635 419 1691 δὲ
437 1640 643 1705 σοφίαν
659 1642 771 1690 ποῦ
788 1641 962 1705 χοροῦ
979 1635 1241 1707 τάξομεν;
1279 1638 1339 1691 ἐν
1358 1647 1470 1701 τοῖς
1491 1632 1743 1706 ἀγαθοῖς,

68 1714 106 1789 ἦ
126 1724 243 1782 πῶς
262 1719 464 1787 λέγεις;
498 1714 587 1771 Ἐν
604 1727 717 1781 τοῖς
735 1714 984 1787 ἀγαθοῖς.
1038 1717 1323 1790 Ἐνθυμοῦ
1341 1717 1411 1789 δή
1422 1760 1437 1789 ,
1476 1717 1551 1790 μή
1569 1739 1620 1773 τι
1639 1738 1746 1773 πα-

71 1804 418 1870 ραλείπωμεν
441 1805 555 1854 ταῖν
585 1797 847 1870 ἀγαθῶν,
886 1798 920 1855 ὅ
946 1823 998 1855 τι
1027 1802 1119 1857 καὶ
1147 1799 1304 1867 ἄξιον
1332 1801 1523 1872 λόγου.
1589 1798 1748 1857 Ἀλλοέ

67 1905 160 1956 μοι
179 1886 454 1952 δοκοῦμεν
468 1924 482 1949 ,
514 1886 648 1952 ἔφη,
669 1879 863 1953 οὐδέν,
896 1880 924 1937 ὁ
949 1889 1218 1951 Κλεινίας.
1256 1886 1348 1941 καὶ
1366 1884 1475 1956 ἐγώ
1495 1883 1748 1957 ἀναμνη-

66 1969 222 2031 σθεὶς
237 1963 394 2021 εἷπον
421 1962 507 2020 ὅτι
534 1965 647 2019 Ναὶ
677 1962 752 2034 μὰ
772 1969 883 2019 Δία
903 1967 1309 2037 κινδυνεύομέν
1326 1989 1389 2038 γε
1411 1966 1472 2023 τό
1489 1970 1748 2038 μέγιστον

66 2053 179 2104 τῶν
197 2045 431 2118 ἆγαθῶν
452 2052 796 2116 παραλιπεῖν.
866 2054 932 2103 Τι’
947 2054 1139 2114 τοῦτο;
1175 2043 1212 2120 ἦ
1234 2048 1282 2105 δ’
1308 2049 1383 2115 ὅς.
1446 2048 1562 2121 Τὴν
1582 2048 1747 2107 εὐτυ-

66 2137 219 2202 χίαν,
257 2122 303 2184 ὦ
339 2134 589 2185 Κλεινία·
631 2125 664 2183 6
699 2127 901 2195 πάντες
942 2137 1106 2201 φασί,
1144 2133 1235 2187 καὶ
1263 2134 1321 2188 οἰ
1346 2132 1497 2187 πάνυ
1518 2140 1745 2204 φαυλοι,

65 2216 324 2284 μέγιστον
361 2217 473 2266 τῶν
512 2209 747 2280 ἀγαθῶν
788 2210 943 2268 εἶναι.
1014 2213 1218 2285 Ἀληθῆ
1255 2216 1454 2285 λέγεις,
1492 2219 1613 2287 ἔφη.
1654 2218 1746 2272 καὶ

64 2293 170 2366 ἐγώ
190 2286 265 2349 αὖ
282 2294 448 2348 πάλιν
467 2293 809 2365 μετανοήσας
838 2294 1048 2351 εἶπον”
1015 2319 1098 2352 οτι
1112 2295 1329 2367 Ὀλίγου
1347 2301 1740 2368 καταγέλαστοι

63 2376 371 2448 ἐγενόμεθα
401 2374 510 2430 ὑπὸ
542 2381 655 2430 τῶν
675 2378 848 2441 ξένων
867 2378 974 2448 ἐγώ
991 2399 1049 2434 τε
1067 2381 1157 2435 καὶ
1176 2380 1274 2451 σύ,
1306 2374 1351 2436 03
1370 2391 1472 2436 παῖ
1482 2379 1724 2453 Ἀξιόχου

70 2464 140 2516 Τί
155 2459 250 2531 δή,
281 2462 386 2528 ἔφη
402 2500 416 2526 ,
450 2463 643 2523 τοῦτος
667 2457 787 2514 Ὅτι
813 2457 1071 2531 εὐτυχιαν
1091 2463 1152 2517 ἐν
1174 2474 1285 2528 τοῖς
1302 2467 1622 2534 ἔμπροσθεν
1641 2469 1740 2520 θέ-

64 2563 222 2615 μενοι
244 2548 354 2597 νῦν
374 2538 440 2611 δὴ
464 2533 631 2604 αυθις
651 2543 774 2610 περὶ
794 2548 894 2597 τοῦ
917 2542 1095 2599 αὐτοῦ
1122 2546 1398 2617 ἐλέγομεν.
1461 2552 1531 2603 Τί
1544 2541 1651 2603 οὖν
1671 2546 1738 2620 δὴ

63 2631 255 2690 τοῦτος
288 2625 716 2693 Καταγέλαστον
736 2625 946 2695 δήπου,
985 2622 1204 2682 ὃποὶλαι
1224 2628 1535 2701 πρόκειται,
1572 2636 1737 2687 τοῦτο

63 2706 231 2763 πάλιν
247 2708 571 2776 προτιθέναι
590 2707 679 2763 καὶ
700 2708 781 2772 δὶς
800 2706 969 2764 ταύτὰ
987 2711 1179 2779 λέγειν.
1219 2716 1350 2777 Πῶς
1362 2755 1377 2783 ,
1409 2717 1515 2784 ἔφη
1530 2755 1544 2780 ,
1574 2719 1738 2769 τοῦτο

65 2791 268 2859 λε’γεις;
298 2785 366 2843 Ἡ
382 2793 550 2859 σοφία
571 2787 776 2859 δήπου,
816 2784 887 2862 ἦν
906 2788 957 2846 δ’
982 2790 1116 2863 ἐγώ,
1156 2790 1378 2864 εὐτυχία
1397 2797 1535 2851 ἐστί·
1572 2801 1736 2851 τοῦτο

62 2870 122 2928 δὲ
160 2867 268 2927 κᾶν
306 2881 431 2935 παῖς
465 2875 641 2942 γνοίη.
682 2873 772 2927 καὶ
807 2869 868 2938 ὃς
907 2874 1251 2946 ἐθαύμασεν·
1293 2874 1470 2942 οὕτως
1503 2883 1579 2935 ἔτι
1614 2880 1739 2943 νέος

1418 2952 1480 2994 7,
