1962 3112
0 0 11 7 ι-
45 1 67 16 -.-
94 2 110 16 v·
124 0 163 18 ’.p
195 0 203 3 -
250 0 267 9 ι
282 0 388 28 *fij-,-
402 0 430 21 „K
450 0 546 21 ,VK-¹⁷
569 0 590 17 -J'
637 0 643 2 ·
717 0 733 14 Ὺ
782 0 791 9 ⁴

103 135 161 180 37
651 129 817 178 ΠΡΩ
836 130 1224 178 ΤΑΓΟΡΑΣ.
1682 124 1786 180 175

104 265 296 334 βούλει
310 307 327 334 ,
349 268 474 335 ἔφη,
495 256 542 318 ὦ
559 263 884 333 Σώκρατες·
925 259 953 317 ὁ
977 261 1326 332 δὲΠρόδικός
1343 283 1400 318 τε
1420 263 1511 318 καὶ
1533 260 1562 317 ὁ
1576 261 1784 327 Ἱππίας

104 347 424 418 έκελευέτην
441 347 617 417 πάνυ,
638 348 730 402 καὶ
750 349 808 401 ol*
821 345 992 401 ἄλλοι.

243 434 473 486 XXVIII.
544 426 680 500 Ἐγώ
699 433 911 499 τοίνυν,
932 422 1006 499 ἦν
1024 426 1078 483 δ’
1095 426 1202 498 ἐγώ
1216 470 1229 495 ,
1260 425 1299 483 ἅ
1313 427 1383 498 γε’
1397 448 1492 498 μοι
1511 430 1665 483 δοκεῖ
1679 447 1780 482 πε-

103 514 156 580 ρὶ
174 517 276 566 τοῦ
295 511 539 586 ᾅσματος
555 513 788 583 τούτου,
810 511 1140 582 πειράσομαι
1161 508 1293 580 ὑμῖν
1312 514 1628 576 διεξελθεῖν.
1681 532 1780 582 φι-

101 600 340 663 λοσοφία
370 594 478 665 γάρ
508 597 622 650 ε’στι
652 595 987 666 παλαιοτάτη
1017 618 1075 650 τε
1105 597 1196 651 καὶ
1216 601 1439 667 πλείστη
1460 592 1778 666 τῶνἙλλή-

101 699 219 733 νων
237 678 301 732 έν
316 677 511 750 Κρήτῃ
529 699 588 733 τε
616 679 709 734 καὶ
737 681 799 733 ἐν
818 681 1211 748 Λακεδαίμονι,
1232 679 1324 734 καὶ
1343 679 1600 747 σοφισταὶ
1620 685 1776 734 πλεῖ-

100 776 219 815 στοι
245 766 347 831 γῆς
376 762 493 815 ἐκεῖ
517 765 682 816 εἰσίν·
721 758 836 817 ἀλλ’
859 763 1218 831 ἐξαρνοῦνται
1250 760 1343 815 καὶ
1364 764 1779 830 σχηματίζονται

100 842 333 915 ἀμαθεῖς
353 842 492 900 εἶναι
504 886 518 913 ,
546 847 640 899 ἵνα
657 841 732 915 μὴ
752 844 1050 915 κατάδηλοι
1072 837 1208 899 ὦσιν
1228 842 1312 898 ὅτι
1332 847 1502 916 σοφίᾳ
1532 840 1779 899 τῶνἙλ-

99 926 286 997 λήνων
306 933 595 997 περίεισιν,
629 925 813 995 ὥσπερ
833 924 932 991 οὓς
948 925 1326 996 Πρωταγόρας
1346 929 1496 997 ἔλεγε
1526 926 1656 991 τοὺς
1681 943 1779 982 σο-

99 1009 323 1078 φιστάς,
353 1007 494 1066 ἄλλα
515 1013 723 1066 δοκῶσι
742 1015 822 1083 τῷ
839 1010 1113 1081 μάχεσθαι
1128 1011 1220 1065 καὶ
1238 1007 1468 1084 ἀνδρείᾳ
1489 1022 1772 1080 περιεῖναι,

97 1089 424 1164 ἡγούμενοι,
447 1096 498 1148 εἰ
511 1099 822 1163 γνωσθεῖεν
844 1085 892 1166 ᾦ
907 1099 1164 1164 περίεισι,
1187 1092 1398 1157 πάντας
1415 1098 1579 1149 τοῦτο
1600 1091 1775 1164 ἀσκή-

98 1193 243 1247 σειν,
273 1174 375 1247 τὴν
398 1180 618 1244 σοφίαν.
674 1180 783 1230 νῦν
821 1175 881 1230 δὲ
901 1173 1360 1247 ἅποκρυψάμενοι
1378 1178 1553 1232 έκεῖνο
1573 1178 1773 1247 ἐξηπα-

97 1258 294 1330 τήκασι
312 1256 444 1322 τούς
463 1259 525 1313 ἐν
542 1268 660 1323 ταῖς
680 1257 875 1313 πόλεσι
894 1262 1444 1340 λακωνίζοντας,καὶ
1463 1263 1519 1315 οί
1534 1261 1637 1331 μὲν
1657 1253 1770 1315 ὦτά

1803 691 1836 735 Β

98 1363 152 1397 τε
172 1341 549 1411 κατάγνυνται
569 1339 902 1411 μιμούμενοι
921 1338 1154 1413 αὐτούς,
1188 1343 1281 1398 καὶ
1309 1342 1541 1414 ἱμάντας
1560 1363 1767 1414 περιει-
1800 1354 1829 1397 C

103 1429 369 1485 ὶίττονται
397 1423 488 1478 καὶ
529 1429 1046 1494 φιλογυμναστοῦσι
1083 1426 1176 1480 καὶ
1203 1429 1460 1496 βραχείας
1492 1422 1770 1497 ἀναβολὰς

96 1513 402 1578 φοροῦσιν,
425 1502 498 1570 ὡς
517 1504 583 1576 δὴ
602 1504 820 1569 τούτοις
837 1511 1179 1574 κρατοῦντας
1207 1513 1320 1561 τῶν
1344 1505 1624 1578 Ἑλλήνων
1639 1505 1770 1571 τούς

100 1592 564 1660 Λακεδαιμονίους
580 1608 590 1619 ·
628 1590 684 1643 οἰ
701 1589 761 1642 δὲ
770 1589 1198 1659 Λακεδαιμόνιοι
1217 1587 1441 1644 ἐπειδᾶν
1457 1589 1772 1661 βούλωνται

98 1670 304 1743 ἀνέδην
322 1682 436 1736 τοῖς
455 1668 578 1740 παρ’
603 1668 791 1735 αὐτοῖς
811 1675 1181 1740 συγγενέσθαι
1214 1682 1524 1742 σοφισταῖς,
1555 1673 1646 1727 καὶ
1663 1670 1769 1744 ἤδη

97 1755 383 1827 ἅχθωνται
405 1754 591 1827 λάθρᾳ
610 1753 1056 1826 ξυγγιγνόμενοι,
1098 1758 1418 1824 ξενηλασίας
1446 1755 1771 1827 ποιούμενοι

95 1846 209 1894 τῶν
227 1861 284 1894 τε
322 1837 738 1904 λακωνιζόντων
756 1836 972 1892 τούτων
992 1838 1084 1892 καὶ
1112 1836 1211 1892 ἐάν
1228 1859 1310 1902 τις
1326 1835 1493 1902 ἄλλος
1514 1841 1667 1904 ξένος
1688 1833 1771 1894 ὢν

93 1922 428 1996 έπιδημήσῃ,
476 1927 870 1991 συγγίγνονται
911 1931 1025 1984 τοῖς
1060 1932 1350 1990 σοφισταῖς
1388 1921 1769 1987 λανθάνοντες

91 2003 222 2069 τοὺς
241 2006 450 2074 ξένους,
475 2005 566 2059 καὶ
586 2000 743 2058 αὐτοὶ
763 2001 967 2058 οὐδένα
992 2005 1121 2058 ἐῶσι
1150 2009 1264 2058 τῶν
1284 2008 1429 2058 νέων
1458 2008 1535 2068 εἰς
1552 2001 1649 2069 τὰς
1669 2002 1769 2060 ἅλ-

93 2090 191 2150 aas
207 2086 390 2150 πόλεις
409 2086 633 2152 ἐξιέναι,
669 2082 855 2154 ὥσπερ
885 2083 1016 2141 οὐδὲ
1037 2091 1276 2157 Κρῆτες,
1304 2088 1396 2140 ἵνα
1416 2082 1490 2156 μὴ
1512 2083 1766 2156 ἀπομαν-

91 2166 348 2221 θάνωσιν
365 2163 401 2221 ἃ
420 2165 575 2223 αὐτοὶ
595 2165 971 2222 διδάσκουσιν.
1005 2169 1107 2223 εἰσὶ
1128 2171 1187 2223 δὲ
1206 2172 1268 2223 έν
1285 2168 1509 2233 ταύταις
1529 2181 1644 2233 ταῖς
1662 2169 1766 2225 πό-

91 2254 244 2303 λεσιν
274 2246 343 2303 ού
370 2248 549 2318 μόνον
578 2247 780 2318 ἄνδρες
801 2251 888 2306 ἐπὶ
918 2250 1204 2306 παιδεύσει
1232 2252 1368 2321 μέγα
1403 2256 1763 2321 φρονοῦντες,

90 2329 228 2386 ἀλλὰ
246 2332 336 2387 καὶ
356 2343 630 2402 γυναῖκες.
687 2337 907 2403 γνοίητε
928 2331 982 2387 δ’
1005 2331 1102 2403 ἄν,
1142 2331 1225 2388 ὅτι
1253 2330 1358 2403 ἐγώ
1388 2339 1560 2388 ταῦτα
1579 2331 1764 2406 ἀληθῆ

89 2417 229 2484 λέγω
248 2415 336 2470 καὶ
349 2414 779 2484 Λακεδαιμόνιοι
795 2413 934 2482 πρὸς
952 2420 1291 2487 φιλοσοφίαν
1309 2417 1401 2471 καὶ
1421 2415 1622 2488 λόγους
1642 2413 1765 2486 ἄρι-

88 2513 188 2553 στα
208 2500 616 2566 πεπαίδευνται,
640 2489 746 2553 ὦδε
760 2518 772 2528 ·
810 2501 862 2552 εί
885 2496 993 2567 γὰρ
1014 2499 1192 2555 ἐθέλει
1211 2520 1290 2563 τις
1307 2502 1765 2569 Λακεδαιμονίων

1799 2013 1833 2053 Ι)

92 2587 168 2655 τῷ
191 2581 520 2656 φαυλοτάτφ
541 2583 929 2653 συγγενέσθαι,
950 2579 1017 2636 τὰ
1035 2582 1139 2652 μὲν
1158 2588 1347 2651 πρῶτα
1366 2584 1427 2637 ἐν
1446 2594 1557 2647 τοῖς
1578 2581 1763 2652 λόγοις
1790 2586 1824 2628 Ε

93 2660 316 2735 εὑρήσει
336 2662 510 2722 αύτὸν
529 2665 754 2736 φαῦλόν
771 2687 894 2721 τινα
915 2664 1278 2736 φαινόμενον,
1299 2669 1500 2731 ἔπειτα,
1524 2663 1670 2721 ὅπου
1690 2663 1761 2720 ἄν

85 2745 223 2819 τύχῃ
254 2751 365 2802 τῶν
391 2748 733 2818 λεγομένων,
774 2749 997 2819 ἐνέβαλε
1025 2748 1173 2819 ῥῆμα
1195 2746 1350 2813 ἄξιον
1379 2749 1552 2818 λόγου
1581 2746 1758 2820 βραχύ

85 2833 175 2887 καὶ
197 2831 685 2902 συνεστραμμένον
705 2829 889 2900 ὥσπερ
906 2827 1087 2895 δεινὸς
1105 2829 1443 2902 ἀκοντιστής,
1469 2828 1606 2885 ὥστε
1627 2834 1758 2900 ‹pac--
