2020 3094
471 0 548 14 ’,Ὁ
568 0 663 13 ›1-avv
691 0 757 19 σφιἡ
789 0 805 5 -
843 0 876 14 vx
901 0 942 15 Χ
991 0 1122 22 {any-⁴*-
1162 0 1194 5 ’-·
1231 0 1253 3 ·<
1325 0 1382 7 -n‘

27 122 34 210 s
85 145 143 190 49
624 138 1208 186 ΠΡΩΤΑΓΟΡΑΣ.
1668 134 1770 188 137

84 290 285 339 πυσαι;
322 270 416 343 Νὴ
433 269 565 335 τούς
582 271 773 341 θεούς,
794 274 900 342 ἔφη
914 314 928 339 ,
950 270 1183 342 ἑσπέρας
1199 291 1278 341 γε.
1326 273 1419 326 καὶ
1437 268 1549 341 ἅμα
1569 273 1765 342 ἐπιψη-
1799 274 1830 316 C

86 355 340 426 λαφήσας
370 360 472 409 τοῦ
491 357 792 423 σκίμποδος
811 354 1097 418 ἐκαθέζετο
1117 351 1267 420 παρὰ
1295 349 1427 416 τοὺς
1443 351 1618 417 πόδας
1637 373 1765 422 μου,

84 438 178 493 καὶ
204 434 382 491 εἶπεν
432 433 693 503 Ἑσπέρας
723 437 887 504 δῆτα,
926 434 1074 503 μα’λα
1102 455 1165 504 γε
1204 431 1307 499 ὀψὲ
1342 431 1682 504 ἀφικόμενος
1711 436 1767 499 ἐξ

50 563 52 570 .
90 517 310 588 Οἰνόης.
366 515 395 572 6
425 517 532 587 γάρ
562 537 646 571 τοι
675 527 800 579 παῖς
818 536 885 585 με
914 513 943 570 ὁ
965 515 1223 585 Σάτυρος
1241 513 1478 585 ἀπέδρα·
1516 517 1608 571 καὶ
1629 519 1766 586 δῆτα

27 590 29 598 ’
85 603 304 671 μέλλων
323 616 411 654 σοι
431 598 689 668 φράζειν,
711 595 796 652 ὅτι
818 601 1115 666 διωξοίμην
1134 594 1334 667 αὐτόν,
1367 595 1478 652 ὑπό
1496 618 1644 662 τινος
1663 596 1767 653 ἅλ-

95 689 191 738 λου
225 681 607 751 ἐπελαθόμην·
679 678 862 749 ἐπειδὴ
904 678 962 733 δὲ
1000 672 1179 748 ἦλθον
1217 681 1306 733 καὶ
1350 678 1767 749 δεδειπνηκότες

88 758 225 834 ἦμεν
243 764 335 819 καὶ
353 765 651 833 ἐμέλλομεν
670 758 1077 827 ἀναπαύεσθαι,
1090 758 1215 814 τότε
1234 781 1327 830 μοι
1342 757 1583 830 ἁδελφὸς
1602 761 1764 830 λέγει,

87 843 174 900 ὅτι
190 845 312 916 ἥκει
329 842 721 915 Πρωταγόρας.
759 843 851 897 καὶ
867 847 945 897 ἔτι
964 840 1066 911 μὲν
1082 843 1398 913 ἐνεχείρησα
1419 838 1595 906 εὐθὺς
1614 842 1764 910 παρὰ

86 927 147 982 σὲ
166 930 303 982 ἰέναι
318 968 333 995 ,
365 924 547 982 ἔπειτά
569 946 662 1021 μοι
684 929 809 978 λίαν
842 921 1032 992 πόρρω
1054 925 1205 988 ἔδοξε
1223 944 1337 977 των
1357 928 1579 978 νυκτῶν
1598 921 1764 978 εἶναι·
1791 934 1827 974 D

88 1006 273 1079 ἐπειδὴ
296 1009 355 1064 δὲ
373 1006 598 1076 τάχιστά
622 1027 689 1076 με
709 1008 769 1061 ἐκ
787 1010 889 1059 τοῦ
919 1004 1101 1060 κόπου
1132 1003 1161 1060 ὁ
1191 1003 1370 1070 υ’πνος
1388 1002 1625 1076 ανῆκεν,
1667 1003 1764 1060 εὐ·-

89 1087 196 1155 θὺς
225 1087 466 1154 ἀναστὰς
485 1086 632 1143 οὕτω
660 1091 827 1156 δεῦρο
864 1086 1230 1158 ἐπορευόμην.
1285 1089 1377 1142 καὶ
1413 1086 1519 1155 ἐγώ
1556 1087 1766 1157 γιγνώ-

84 1188 239 1227 σκων
259 1170 435 1226 αὐτοῦ
452 1168 555 1241 τὴν
574 1167 840 1239 ἀνδρείαν
858 1171 949 1224 καὶ
970 1167 1072 1241 τὴν
1101 1174 1380 1240 πτοίησιν,
1427 1175 1496 1224 Τί
1521 1191 1627 1224 ουν
1659 1187 1764 1243 σοι,

83 1248 158 1324 ἦν
176 1251 228 1308 δ’
251 1252 387 1324 ἐγω,
417 1259 606 1319 τοῦτο;
641 1258 764 1322 μῶν
789 1258 844 1307 τί
870 1268 931 1307 σε
962 1249 1559 1322 οἷδικεῑΠρωταγόρας;
1596 1254 1687 1309 καὶ
1707 1251 1767 1319 ὃς

32 1324 35 1340 “
84 1337 348 1407 γελάσας,
373 1334 465 1406 Νὴ
485 1333 615 1398 τούς
631 1332 831 1404 θεούς,
851 1338 957 1404 ἔφη
971 1376 985 1402 ,
1010 1328 1053 1388 ὦ
1070 1334 1389 1404 Σώκρατες,
1411 1332 1496 1390 ὅτι
1516 1357 1579 1405 γε
1594 1336 1768 1407 μόνος

86 1421 196 1475 ἐστὶ
216 1419 393 1490 σοφός
406 1460 420 1486 ,
443 1417 534 1488 ἐμὲ
554 1417 614 1474 δὲ
634 1415 702 1473 οὐ
721 1429 877 1473 ποιεῖ.
916 1416 1078 1474 Ἀλλὰ
1098 1421 1189 1473 ναὶ
1207 1415 1283 1487 μοὶ
1305 1423 1443 1487 Δία,
1476 1423 1620 1490 ἔφην
1640 1419 1765 1490 ἐγώ,

82 1495 156 1555 ἄν
174 1498 323 1574 αὐτῷ
344 1502 510 1573 διδῷς
529 1498 803 1570 ἀργύριον
821 1500 911 1554 καὶ
942 1504 1139 1571 πείθῃς
1158 1502 1400 1570 ἐκεῖνον,
1434 1499 1652 1570 ποιήσει
1673 1502 1765 1555 καὶ

84 1581 146 1638 σὲ
175 1580 371 1651 σοφόν.
427 1585 500 1636 Εἰ
523 1581 654 1650 γάρ,
691 1574 728 1651 ἦ
761 1578 812 1635 δ’
838 1579 927 1650 ὅς,
967 1575 1142 1637 ὦΖεῦ
1171 1582 1263 1637 καὶ
1297 1587 1449 1651 θεοί,
1487 1583 1547 1635 ἐν
1583 1582 1764 1655 τούτῳ

86 1669 197 1732 εἰη·
253 1683 327 1727 ως
367 1659 482 1716 οὔτ’
513 1684 586 1716 αν
618 1668 731 1716 τῶν
771 1664 918 1732 ἐμῶν
954 1665 1254 1733 ἐπιλίποιμι
1291 1660 1459 1718 οὐδεν
1494 1660 1622 1717 οὔτε
1651 1669 1763 1718 τῶν
1793 1683 1828 1723 Ε

87 1749 294 1814 φίλων·
330 1740 444 1799 ἀλλ’
467 1740 608 1798 αὐτὰ
627 1750 801 1798 ταῦτα
830 1745 921 1799 καὶ
950 1749 1059 1798 νῦν
1077 1742 1196 1814 ἥκω
1215 1764 1364 1813 παρα
1383 1746 1470 1814 σε’,
1509 1767 1602 1799 ινα
1622 1742 1763 1815 υπὲρ

84 1828 221 1897 ἐμοῦ
249 1829 545 1900 διαλεχθῇς
572 1827 737 1901 αὐτω.
807 1827 913 1898 ἐγω
952 1826 1060 1899 γὰρ
1091 1828 1204 1900 α’μα
1243 1851 1344 1900 μεν
1375 1832 1467 1885 καὶ
1496 1830 1765 1900 νεώτερός

86 1908 272 1983 εἰμι,”
233 1933 347 1982 αμα
367 1912 426 1967 δὲ
444 1910 622 1968 οὐδὲ
594 1913 811 1982 εωρακα
829 1915 1216 1984 Πρωταγόραν
1234 1915 1455 1971 πώποτε
1475 1913 1599 1971 οὐδ’
1622 1915 1757 1987 οἰκή-

84 2012 191 2048 κοα
223 1989 416 2048 οὐδέν·
472 1996 549 2048 ἔτι
577 1993 683 2063 γὰρ
714 2005 841 2059 παῖς
871 1988 932 2065 ἦ,
972 1994 1063 2050 ὅτε
1090 1995 1150 2050 τὸ
1181 1996 1454 2066 πρότερον
1487 1996 1762 2068 ἐπεδήμη-

85 2090 196 2128 σεν.
235 2071 374 2130 ἀλλὰ
395 2073 522 2145 γάρ,
545 2067 590 2130 ὦ
611 2075 927 2144 Σώκρατες,
941 2077 1142 2141 πάντες
1158 2075 1258 2131 τὸν
1277 2075 1455 2147 ἄνδρα
1474 2080 1765 2133 ἐπαινοῦσι

84 2159 184 2210 καί
210 2170 347 2224 φασι
375 2156 704 2226 σοφώτατον
734 2155 875 2213 εἶναι
904 2159 1111 2230 λέγειν·
1163 2156 1303 2214 ἄλλα
1346 2166 1401 2215 τί
1434 2158 1503 2215 οὐ
1540 2164 1763 2232 βαδίζο-

81 2258 187 2308 μεν
217 2235 341 2304 παρ’
363 2236 565 2307 αὐτόν,
602 2241 692 2294 ἵνα
720 2243 887 2296 ἔνδον
915 2242 1340 2314 καταλάβωμεν;
1386 2242 1648 2298 καταλύει
1686 2240 1760 2315 δ’,
1793 2259 1874 2306 311

85 2316 159 2385 ὥς
177 2319 284 2390 ἐγώ
306 2319 540 2391 ἤκουσα,
565 2322 712 2390 παρὰ
731 2328 946 2395 Καλλίᾳ
966 2330 1042 2396 τῷ
1056 2321 1399 2380 Ἱππονίκου·
1434 2323 1548 2382 ἀλλ’
1573 2333 1758 2397 ἴωμεν.

83 2402 176 2458 καὶ
196 2398 302 2471 ἐγώ
324 2401 503 2458 εἷπον·
555 2403 744 2474 Μήπω
769 2402 835 2475 γ’,
875 2399 920 2460 ὦ
939 2402 1100 2475 ’γαθέ
1109 2448 1124 2476 ,
1164 2409 1354 2476 [ἐκεῖσε
1371 2414 1591 2479 ἴωμεν,]
1638 2407 1761 2482 πρῴ

82 2482 191 2553 γάρ
219 2485 395 2553 ἐστιν,
436 2482 575 2539 ἄλλα
609 2489 775 2555 δεῦρο
806 2489 1188 2559 ἐξανασταῖμεν
1206 2494 1283 2555 εἰς
1302 2487 1405 2561 τὴν
1424 2487 1630 2561 αὐλήν,
1670 2492 1764 2546 καὶ

5 2608 7 2624 ⁴
82 2565 387 2633 περιιόντες
406 2564 582 2621 αὐτοῦ
603 2570 1003 2639 διατρίψωμεν,
1044 2570 1146 2635 ἕως
1165 2566 1236 2625 ἄν
1258 2578 1379 2642 φῶς
1397 2574 1643 2643 γένηται·
1684 2570 1763 2628 εὗ-

82 2667 147 2701 τα
167 2654 350 2718 ἴωμεν.
407 2649 498 2705 καὶ
525 2646 633 2719 γὰρ
663 2647 730 2704 τὰ
761 2648 936 2706 πολλὰ
955 2653 1332 2724 Πρωταγόρας
1359 2657 1523 2709 ἔνδον
1555 2658 1766 2722 διατρί-

83 2733 193 2799 βει,
233 2727 399 2801 ὥστε,
438 2729 666 2801 θάρρει,
705 2733 1136 2804 καταληψόμεθα
1171 2732 1376 2802 αὐτόν,
1416 2734 1490 2799 ὥς
1518 2733 1579 2790 τό
1599 2734 1762 2805 εἰκός,

79 2813 247 2866 ἔνδον
