1962 3112
155 116 263 169 234
754 117 1236 166 ΠΛΑΤῼΝΟΣ
1773 123 1834 168 36

299 258 423 308 ΣΩ.
479 253 589 306 Καὶ
609 248 793 320 ἀληθῆ
812 271 874 320 γε
896 252 1004 320 ἐρῶ
1017 271 1028 281 ·
1069 241 1137 303 οὗ
1156 250 1262 320 γὰρ
1283 249 1404 307 οἶδα
1425 254 1671 317 παιδείας
1689 248 1837 315 ὅπως

157 337 296 404 ἔχει
281 334 372 389 καὶ
394 331 764 401 δικαιοσύνης.

296 420 472 470 ΠΩΛ.
540 420 606 468 Τί
635 416 719 478 δέ;
759 415 821 468 ἐν
847 411 1026 484 τούτῳ
1056 408 1089 482 ἡ
1123 418 1274 467 πᾶσα
1305 411 1628 515 εὐδαιμονία
1658 415 1835 480 ἐστίν;

297 502 422 552 ΣΩ.
465 494 568 559 Ώς
587 516 650 565 γε
670 492 774 565 ἐγώ
800 498 964 564 λέγω,
1005 495 1047 547 ώ
1075 498 1262 548 Πῶλε
1301 492 1401 549 τὸν
1419 497 1521 564 μὲν
1535 517 1642 565 γαρ
1663 493 1837 550 καλὸν

156 574 413 649 κάγαθὸν
444 576 623 645 άνδρα
652 578 743 630 καὶ
773 587 1011 645 γυναῖκα
1039 571 1341 645 εὐδαίμονα
1371 575 1517 630 εἶναί
1531 597 1698 646 φημι,
1737 573 1837 630 τὸν

159 663 217 714 δὲ
235 659 433 715 ἄδικον
452 660 544 713 καὶ
563 657 818 728 πονηρόν
835 657 1054 712 ἄθλιον.

41 758 124 803 471
295 746 476 795 nse-A.
515 740 742 804 ’Ἀθλιος
761 738 868 807 ἄρα
885 733 1050 802 οὗτός
1068 741 1215 793 ἐστιν
1234 735 1262 793 ὁ
1281 736 1563 810 Ἀρχέλαος
1581 738 1717 794 κατὰ
1736 737 1836 795 τὸν

156 821 262 878 σὸν
284 823 483 894 λόγον;

296 911 422 960 Σῼ.
479 910 654 973 Εἴπερ
672 925 762 974 γε,
786 897 829 958 ὦ
850 910 1002 973 φίλε,
1023 902 1227 967 ἄδικος.

297 992 473 1041 ΠῼΛ
528 983 691 1040 Ἀλλα
711 985 814 1055 μὲν
835 985 901 1055 δὴ
923 1006 1039 1050 πως
1059 984 1163 1040 οὐκ
1183 984 1400 1053 άδικος;
1443 1007 1485 1039 ω
1507 1007 1568 1055 γε
1589 991 1834 1085 προσῆκε

155 1092 257 1140 μεν
278 1076 374 1139 τῆς
404 1065 573 1138 ἀρχῆς
593 1064 810 1122 οὐδὲν
788 1090 859 1138 ην
889 1073 999 1121 νῦν
1030 1071 1164 1137 ἔχει,
1201 1066 1320 1122 ὄντι
1349 1069 1408 1122 ἐκ
1428 1065 1746 1137 γυναικόςῆ
1764 1070 1837 1138 ἦν
1880 1090 1883 1093 ·

155 1152 327 1221 δούλη
342 1148 598 1206 Ἀλκέτου
621 1156 724 1204 τοῦ
752 1153 1069 1219 Περδίκκου
1089 1147 1362 1219 ἀδελφοῦ,
1384 1152 1475 1204 καὶ
1492 1148 1628 1205 κατὰ
1650 1149 1752 1220 μὲν
1770 1149 1831 1203 τὸ

157 1238 372 1289 δίκαιον
404 1237 604 1297 δοῦλος
634 1227 707 1303 ἦν
731 1231 1016 1303 Ἀλκέτου,
1055 1233 1146 1288 καὶ
1179 1237 1230 1288 εί
1253 1232 1511 1304 ἐβούλετο
1547 1231 1613 1287 τὰ
1654 1237 1836 1288 δίκαια

159 1327 365 1385 ποιεῖν,
399 1315 696 1371 ἐδούλευεν
724 1311 797 1369 ἄν
823 1312 1041 1386 Ἀλκέτῃ
1074 1316 1164 1369 καὶ
1184 1309 1256 1385 ἦν
1281 1313 1562 1386 εὐδαίμων
1579 1313 1717 1370 κατὰ
1736 1313 1836 1370 τὸν

154 1399 257 1455 σὸν
287 1399 478 1468 λόγον·
518 1403 628 1452 νῦν
657 1396 716 1452 δὲ
743 1401 1076 1467 θαυμασίως
1107 1393 1180 1460 ὥς
1208 1395 1405 1462 ἄθλιος
1432 1398 1689 1468 γέγονεν,
1720 1400 1835 1452 ἐπεὶ

87 1494 122 1535 Β
152 1480 217 1536 τά
254 1482 479 1550 μέγιστα
512 1477 799 1550 ἠδίκηκεν·
841 1476 902 1542 ὅς
936 1499 999 1548 γε
1030 1484 1254 1548 πρῶτον
1282 1483 1382 1549 μὲν
1417 1486 1620 1535 τοῦτον
1657 1477 1833 1534 αὐτὸν

149 1561 250 1617 τὸν
278 1560 551 1631 δεσπότην
580 1561 671 1615 καὶ
701 1568 862 1615 θεῖον
892 1560 1387 1630 μεταπεμψάμενος
1419 1558 1490 1624 ὡς
1518 1559 1826 1616 ἀποδώσων

151 1642 255 1714 τὴν
275 1642 450 1713 ἀρχὴν
469 1639 541 1713 ἣν
557 1646 870 1711 Περδίκκας
888 1640 1062 1696 αὐτὸν
1081 1638 1335 1711 ἀφείλετο
1349 1684 1363 1710 ,
1387 1645 1599 1707 ξενίσας
1618 1644 1708 1698 καὶ
1729 1664 1832 1698 κα·-

150 1726 470 1796 ταμεθύσας
489 1722 662 1780 αὐτόν
671 1746 730 1779 τε
749 1726 840 1779 καὶ
853 1722 952 1779 τὸν
971 1722 1098 1779 υίόν
1115 1723 1290 1779 αὐτοῦ
1302 1722 1679 1795 Ἀλέξανδρον,
1704 1724 1832 1780 ἀνε-

149 1807 282 1873 ψιὸν
302 1806 481 1862 αὑτοῦ
493 1849 507 1877 ,
530 1806 728 1876 σχεδὸν
748 1804 1067 1877 ἡλικιώτην,
1087 1805 1343 1877 ἐμβαλών
1368 1811 1443 1871 εἰς
1464 1805 1706 1879 ἅμαξαν,
1729 1809 1834 1863 νύ·-

151 1912 298 1958 κτωρ
332 1887 614 1959 ἐξαγαγὼν
642 1886 925 1958 ἀπέσφαξέ
951 1910 1008 1942 τε
1039 1890 1130 1943 καὶ
1156 1886 1434 1958 ἠφάνισεν
1454 1887 1802 1959 ἀμφοτέρους
1819 1912 1830 1921 ·

150 1976 244 2028 καὶ
267 1978 440 2026 ταῦτα
461 1969 725 2041 ἀδικήσας
742 1975 947 2026 ἔλαθεν
963 1968 1163 2025 ἑαυτὸν
1181 1968 1523 2035 ἀθλιώτατος
1537 1971 1834 2042 γενόμενος

153 2058 245 2110 καὶ
268 2052 337 2109 οὐ
358 2056 721 2124 μετεμέλησεν
741 2049 909 2126 αὐτῷ,
935 2049 1058 2106 αλλ’
1082 2049 1272 2122 ὀλίγον
1291 2052 1528 2123 ὕστερον
1546 2052 1645 2109 τὸν
1669 2054 1833 2109 ἀδελ-

86 2150 119 2191 C
152 2137 291 2207 φόν,
332 2134 432 2190 τὸν
456 2134 691 2206 γνήσιον
713 2140 815 2189 τοῦ
841 2137 1156 2203 Περδίκκου
1184 2134 1337 2205 υἱόν,
1377 2139 1546 2190 παῖδα
1575 2133 1648 2201 ὥς
1669 2137 1833 2191 ἑπτα-

153 2224 246 2289 ετῆ
261 2261 276 2289 ,
319 2210 389 2272 οὗ
416 2215 449 2287 ἡ
471 2215 606 2287 ἀρχὴ
629 2219 872 2287 ἐγίγνετο
893 2215 1030 2271 κατὰ
1048 2215 1110 2272 τὸ
1133 2220 1372 2288 δίκαιον,
1411 2217 1514 2273 οὐκ
1545 2218 1827 2290 ἐβουληθη

155 2299 435 2371 εὐδαίμων
463 2301 730 2370 γενέσθαι
765 2303 986 2363 δικαίως
1015 2300 1292 2367 ἐκθρέψας
1320 2301 1411 2355 καὶ
1447 2298 1694 2364 ἀποδοὺς
1728 2322 1831 2370 την

150 2380 325 2453 ἀρχὴν
373 2386 591 2454 ἐκείνῳ,
629 2376 754 2436 ἀλλ’
786 2386 861 2446 είς
889 2382 1068 2450 φρέαρ
1105 2380 1361 2452 ἐμβαλών
1399 2384 1491 2437 καὶ
1529 2381 1830 2446 ἀποπνίξας

148 2462 289 2533 πρὸς
317 2463 418 2534 τὴν
448 2465 652 2534 μητέρα
683 2460 858 2517 αὐτοῦ
877 2462 1244 2529 Κλεοπάτραν
1265 2470 1406 2534 χῆνα
1425 2469 1532 2533 ἔφη
1556 2461 1828 2517 διώκοντα

152 2548 406 2616 ἐμπεσεῖν
425 2547 516 2599 καὶ
536 2542 861 2599 ἀποθανεῖν.
883 2544 1162 2613 τοιγάρτοι
1181 2551 1288 2599 νῦν
1302 2588 1315 2613 ,
1348 2544 1442 2599 ἅτε
1460 2546 1685 2614 μέγιστα
1703 2542 1828 2614 ἠδι-

149 2620 454 2695 κηκώςτῶν
467 2627 527 2680 ἐν
540 2628 884 2696 Μακεδονίᾳ,
906 2622 1248 2689 άθλιώτατός
1266 2628 1379 2680 ἐστι
1397 2626 1622 2679 πάντων
1632 2630 1828 2679 Μακε-

151 2704 363 2775 δόνων,
404 2702 527 2761 ἀλλ’
561 2703 665 2760 οὐκ
695 2704 1213 2779 εὐδαιμονέστατος,
1251 2710 1340 2762 καὶ
1364 2715 1493 2771 ἴσως
1512 2711 1659 2763 ἔστιν
1680 2705 1828 2773 ὅστις

1957 1967 1962 2028 g

1955 2045 1962 2104 3

1951 2125 1962 2225 ἒ
