1962 3112
152 208 239 253 1⁵9
825 198 1157 247 ΜΕΝΩΝ.
1720 194 1823 245 357

288 339 413 390 ΣΩ.
476 339 545 390 Τί
570 330 621 388 δ’
657 341 713 388 εἴ
733 354 813 396 τις
841 329 1031 399 ὀρθῶς
1058 329 1161 401 μὲν
1184 329 1454 399 δοξάζων,
1475 328 1593 401 ἥτις
1610 331 1761 387 ἐστὶν
1789 327 1823 401 ἡ
1853 340 1884 381 Β

146 415 304 482 οδός,
324 413 612 487 ἐληλυθώς
632 412 782 484 δὲμὴ
803 411 931 483 μηδ’
955 412 1341 482 ἐπιστάμενος,
1375 410 1445 468 οὐ
1464 413 1554 467 καὶ
1574 405 1738 476 οὗτος
1755 408 1827 466 ἂν

146 494 335 566 ὀρθῶς
352 495 570 568 ἡγοῖτο;

286 583 474 633 ΜΕΝ.
527 577 695 631 Πάνυ
712 598 790 647 γε.

286 666 412 715 ΣΩ.
466 660 575 715 Καὶ
609 660 710 723 ἕως
738 655 794 728 γ’
829 657 903 712 ἄν
935 679 1047 713 που
1076 654 1262 728 ὀρθὴν
1291 658 1461 723 δόξαν
1490 661 1583 729 ἔχῃ
1602 657 1723 728 περὶ
1744 649 1826 713 ὦν

146 738 175 796 ὁ
196 742 379 809 ἕτερος
397 739 714 811 ἐπιστήμην,
737 737 902 795 οὐδὲν
920 746 1121 810 χείρων
1138 738 1364 811 ἡγεμών
1383 745 1550 809 ἔσται,
1571 738 1824 810 οἰόμενος

146 825 249 895 μὲν
268 821 482 893 ἀληθῆ,
504 828 736 892 φρονῶν
756 824 815 876 δὲ
834 821 935 892 μή,
955 828 1056 877 τοῦ
1076 828 1241 876 τοῦτο
1262 823 1625 891 φρονοῦντος.

285 911 471 961 ΜΕΝ.
530 902 713 960 Οὐδὲν
729 904 852 974 γάρ.

287 993 414 1043 Σῼ.
472 986 623 1052 Δόξα
643 986 750 1055 ἄρα
769 983 984 1057 ἀληθὴς
1002 984 1140 1054 πρὸς
1159 984 1438 1056 ὀρθότητα
1458 984 1703 1054 πράξεως
1722 983 1824 1041 οὐ-

147 1072 240 1126 δὲν
269 1075 468 1140 χείρων
496 1066 722 1139 ἡγεμών
750 1068 1098 1140 φρονήσεως·
1135 1070 1227 1124 καὶ
1263 1069 1428 1126 τοῦτό
1464 1071 1612 1124 ἐστιν
1645 1065 1676 1124 ὃ
1714 1073 1824 1124 νῦν

147 1151 212 1222 δὴ
245 1155 646 1221 παρελείπομεν
669 1153 731 1205 ἐν
748 1157 815 1221 τῇ
836 1153 957 1220 περὶ
978 1157 1070 1221 τῆς
1089 1147 1285 1222 άρετῆς
1304 1153 1516 1221 σκέψει,
1557 1147 1753 1206 ὁποῖόν
1772 1172 1823 1206 τι

148 1244 258 1306 εἴη,
307 1238 558 1303 λέγοντες
602 1232 686 1289 ὅτι
712 1234 996 1306 φρόνησις
1041 1237 1219 1306 μόνον
1253 1234 1464 1308 ἡγεῖται
1498 1243 1600 1292 τοῦ
1634 1235 1822 1307 ὀρθῶς
1855 1251 1886 1294 C

143 1318 404 1386 πράττειν
418 1337 429 1348 ·
448 1315 508 1372 τὸ
531 1317 591 1374 δὲ
608 1315 717 1384 ἄρα
737 1319 827 1373 καὶ
847 1317 978 1383 δόξα
995 1310 1067 1389 ἦν
1085 1317 1311 1389 άληθής.

283 1404 469 1454 ΜΕΝ.
505 1396 692 1456 Ἕοικέ
703 1420 781 1469 γε.

287 1487 412 1537 ΣΩ.
448 1475 655 1538 Ὀὐδὲν
683 1480 791 1551 ἄρα
821 1476 991 1553 ἦττον
1025 1479 1306 1554 ὠφέλιμόν
1332 1485 1480 1539 ἐστιν
1509 1481 1655 1556 ὀρθὴ
1686 1483 1820 1550 δόξα

144 1565 452 1634 ἐπιστήμης.

286 1651 472 1701 ΜΕΝ.
536 1645 796 1719 Τοσούτῳ
835 1666 924 1716 γε,
962 1638 1009 1701 ὦ
1033 1645 1355 1717 Σώκρατες,
1396 1644 1482 1702 ὅτι
1511 1644 1540 1702 ὁ
1579 1646 1684 1718 μὲν
1719 1644 1822 1718 τὴν

146 1728 447 1798 ἐπιστήμην
474 1731 615 1797 ἔχων
643 1725 728 1783 ἀεὶ
758 1724 831 1783 ἄν
860 1726 1237 1798 ἐπιτυγχάνοι,
1269 1726 1298 1783 ὁ
1321 1728 1379 1784 δὲ
1398 1727 1500 1800 τὴν
1519 1727 1704 1800 ὀρθὴν
1723 1730 1822 1786 δό-

145 1814 244 1875 ξαν
261 1810 381 1865 τοτὲ
402 1809 503 1879 μὲν
519 1806 589 1865 ἄν
610 1810 874 1881 τυγχάνοι
888 1853 901 1879 ,
922 1810 1043 1867 τοτὲ
1064 1808 1116 1865 δ’
1141 1809 1226 1866 οὔ.

286 1897 512 1948 XXXIX.
585 1898 711 1949 ΣΩ.
764 1899 895 1958 Πῶς
913 1894 1111 1964 λέγεις;
1132 1890 1161 1948 ὁ
1183 1891 1266 1949 ἀεὶ
1287 1898 1426 1964 ἔχων
1447 1891 1631 1965 ὀρθὴν
1652 1894 1820 1963 δόξαν

145 1972 247 2030 οὐκ
269 1972 351 2029 ἀεὶ
372 1974 661 2045 τυγχάνοι,
685 1976 896 2045 ἕωσπερ
918 1973 1065 2045 ὀρθά
1086 1975 1325 2042 δοξάζοις

287 2062 473 2111 ΜΕΝ.
536 2055 770 2127 Ἀνάγκη
807 2079 900 2127 μοι
937 2060 1214 2127 φαίνεται·
1253 2055 1391 2112 ὥστε
1430 2058 1727 2129 θαυμάζω,
1772 2052 1819 2118 ὦ

144 2138 464 2207 Σώκρατες,
505 2138 710 2193 τούτου
748 2138 927 2203 οὕτως
962 2142 1209 2208 ἔχοντος,
1248 2137 1281 2194 ὅ
1320 2162 1370 2193 τι
1407 2139 1474 2210 δή
1513 2159 1643 2196 ποτε
1671 2138 1815 2198 πολὺ
1847 2150 1884 2194 Ι)

144 2222 432 2291 τιμιωτέρα
450 2242 483 2290 η
505 2220 767 2291 ἐπιστήμη
786 2227 881 2291 τῆς
901 2218 1076 2291 ὀρθῆς
1096 2220 1282 2291 δόξης,
1303 2222 1392 2277 καὶ
1413 2218 1484 2277 δι’
1514 2219 1546 2276 ὅ
1564 2244 1615 2277 τι
1631 2220 1692 2278 τὸ
1717 2224 1820 2294 μὲν

142 2303 358 2370 ἕτερον,
384 2299 443 2356 τὸ
466 2299 522 2358 δὲ
546 2301 738 2371 ἕτερόν
758 2304 907 2358 ἐστιν
927 2301 1126 2358 αὐτῶν.

284 2390 407 2440 ΣΩ.
467 2382 651 2439 Οἶσθα
669 2377 774 2439 οὖν
795 2383 868 2439 δι’
889 2384 922 2439 ὅ
939 2407 990 2440 τι
1007 2386 1332 2457 θαυμάζεις,
1363 2382 1399 2458 ἦ
1418 2386 1524 2458 ἐγώ
1544 2404 1630 2443 σοι
1650 2395 1816 2455 scum

284 2472 469 2522 MEN.
531 2466 694 2520 Πάνυ
714 2464 766 2537 γ’
792 2471 921 2522 εἰπέ.

284 2555 407 2605 ΣΩ.
451 2547 569 2603 ’Ότι
586 2560 697 2613 τοῖς
716 2548 1003 2605 Δαιδάλου
1021 2548 1333 2621 ἀγάλμασιν
1354 2549 1422 2606 οὐ
1441 2554 1818 2624 προσέσχηκας

144 2642 241 2686 τόν
262 2637 427 2686 νοῦν·
450 2638 580 2695 ἰσως
601 2631 655 2686 δὲ
680 2629 803 2686 οὐδ’
827 2636 939 2687 ἔστι
960 2631 1091 2701 παρ’
1113 2630 1260 2704 ὑμῖν.

284 2717 467 2768 ΜΕΝ.
528 2713 682 2779 Πρὸς
702 2715 828 2770 τίδὲ
849 2713 915 2784 δὴ
938 2721 1100 2771 τοῦτο
1122 2718 1320 2786 λε’γεις;

284 2798 408 2849 ΣΩ.
452 2792 568 2849 Ὅτι
599 2796 687 2850 καὶ
719 2801 918 2865 ταῦτα,
957 2798 1056 2852 ἐὰν
1073 2800 1175 2868 μὲν
1194 2798 1265 2868 μὴ
1292 2802 1554 2869 δεδεμένα
1573 2793 1636 2872 ᾖ,
1677 2797 1811 2858 άπο-

144 2876 428 2942 διδράσκει
447 2877 536 2932 καὶ
558 2877 907 2948 δραπετεύει,
930 2877 1030 2934 ἐὰν
1050 2881 1106 2935 δὲ
1130 2884 1389 2950 δεδεμένα
1403 2923 1417 2951 ,
1439 2885 1753 2950 παραμένει.
