1962 3112
267 147 371 200 312
874 145 1340 195 ΠΛΑΤΩΝΟΣ
1849 153 1933 196 114

267 302 355 346 τες
372 278 483 336 ὑπὸ
504 288 659 336 θεῶν
678 301 735 334 τε
755 279 845 334 καὶ
859 275 1181 348 ἀνθρώπων
1201 270 1373 347 οὗτοι,
1393 282 1450 332 οἳ
1466 273 1537 332 ὄὲν
1555 279 1740 348 ἰάσιμα
1761 274 1936 348 ἆμαρ-

268 362 479 433 τήματα
509 359 851 431 ἁμάρτωσιν·
891 358 1040 429 ὅμως
1068 361 1126 414 δὲ
1156 351 1229 413 δι’
1263 355 1587 428 ἀλγηδόνων
1607 360 1698 414 καὶ
1718 356 1937 415 ὀδυνῶν

267 448 510 513 γίγνεται
539 441 725 507 αὐτοῖς
751 438 785 512 ἡ
815 438 1049 510 ὠφέλεια
1077 442 1168 495 καὶ
1198 439 1399 495 ἐνθάδε
1428 440 1517 495 καὶ
1535 443 1594 494 ἐν
1614 437 1832 495 1Ἅιδου·
1869 437 1938 494 οὐ

213 535 242 577 G
270 525 377 595 γάρ
411 521 530 579 οἶόν
558 545 616 579 τε
647 522 825 587 ἄλλως
856 521 1070 586 ἀδικίας
1109 519 1564 577 ἀπαλλάττεσθαι.
1606 526 1662 576 οἳ
1688 519 1740 575 δ’
1772 517 1843 591 ἂν
1870 519 1936 576 τά

270 610 465 675 ἔσχατα
487 602 789 675 ἀδικήσωσι
816 605 907 659 καὶ
931 603 1028 658 διὰ
1050 608 1276 658 τοιαῦτα
1295 600 1599 673 ἀδικήματα
1619 599 1829 657 ἀνίατοι
1847 606 1939 671 γέ-

268 706 501 755 νωνται,
539 687 598 740 ἐκ
627 684 843 740 τούτων
871 683 936 739 τὰ
969 688 1377 755 παραδείγματα
1395 689 1654 755 γίγνεται,
1676 686 1766 740 καὶ
1786 676 1940 739 οὗτοι

270 764 426 821 αὐτοὶ
467 765 570 836 μὲν
607 764 792 821 οὐκέτι
831 763 1115 821 ὀνίνανται
1153 763 1347 836 οὐδέν,
1386 765 1480 820 ἅτε
1518 764 1730 821 ἀνίατοι
1767 763 1938 835 ὅντες,

270 846 428 902 ἄλλοι
458 845 517 901 δὲ
546 844 828 902 ὀνίνανται
858 850 914 901 οἰ
940 847 1172 911 τούτους
1202 845 1439 916 ὁρῶντες
1458 845 1545 901 διὰ
1562 846 1658 910 τὰς
1678 844 1942 916 ἁμαρτίας

268 926 334 983 τὰ
365 931 588 998 μέγιστα
618 930 708 984 καὶ
739 927 1116 998 ὀδυνηρότατα
1144 930 1234 984 καὶ
1263 928 1621 999 φοβερώτατα
1649 925 1802 997 πάθη
1833 925 1942 980 πά-

271 1025 500 1079 σχοντας
528 1009 628 1064 τὸν
661 1009 743 1065 ἀεὶ
761 1010 994 1079 χρόνον,
1015 1008 1250 1080 άτεχνως
1269 1013 1680 1081 παραδείγματα
1700 1005 1943 1077 ἀνηρτη-

271 1093 471 1160 μένους
508 1094 624 1146 ἐκεῖ
652 1093 711 1145 ἐν
732 1089 926 1146 Ἀιδου
953 1092 1014 1145 ἐν
1039 1112 1114 1144 τω
1151 1094 1527 1164 δεσμωτηρίω,
1566 1100 1677 1153 τοῖς
1711 1086 1793 1143 άεὶ
1830 1108 1941 1143 των

203 1178 239 1224 D
272 1168 478 1226 ἀδίκων
518 1169 946 1241 ἀφικνουμένοις
979 1146 1232 1241 θεάματα
1281 1173 1372 1227 καὶ
1410 1171 1812 1241 νουθετήματα.
1865 1160 1944 1222 ὦν

236 1252 376 1322 ἐγω
397 1274 536 1323 φημι
556 1254 654 1307 ἕνα
672 1254 763 1307 καὶ
777 1249 1067 1323 Ἀρχέλαον
1089 1257 1341 1324 ε’,σεσθαι
1380 1257 1431 1309 εἰ
1446 1253 1628 1323 ἀληθῆ
1651 1254 1795 1320 λέγει
1812 1254 1947 1304 Πῶ-

270 1338 390 1402 λος,
413 1333 502 1388 καὶ
517 1331 687 1388 ἄλλον
706 1332 852 1397 ὅστις
871 1330 944 1389 ἄν
961 1340 1208 1399 τοιοῦτος
1227 1334 1500 1405 τύραννος
1521 1328 1558 1406 ᾗ
1576 1356 1586 1366 ·
1608 1332 1756 1404 οἶμαι
1777 1333 1834 1387 δὲ
1853 1331 1943 1385 καὶ

271 1412 401 1478 τούς
429 1415 667 1480 πολλοὺς
703 1414 842 1471 εἶναι
878 1417 1091 1471 τούτων
1128 1422 1241 1470 τῶν
1269 1414 1724 1487 παραδειγμάτων
1754 1415 1814 1469 ἐκ
1843 1434 1940 1467 τυ-

276 1496 498 1566 ράννων
526 1498 617 1551 καὶ
645 1498 918 1567 βασιλέων
947 1499 1037 1552 καὶ
1070 1501 1360 1553 δυναστῶν
1388 1498 1480 1553 καὶ
1508 1495 1573 1551 τὰ
1593 1503 1704 1552 τῶν
1725 1495 1942 1550 πόλεων

277 1574 602 1645 πραξάντων
629 1575 950 1645 γεγονότας·
991 1568 1145 1632 οὗτοι
1174 1576 1281 1647 γὰρ
1315 1578 1403 1634 διὰ
1432 1577 1534 1648 τὴν
1565 1580 1819 1643 ἐξουσίαν
1848 1577 1945 1646 με’-

275 1672 435 1726 γιστα
466 1658 558 1710 καὶ
596 1654 938 1712 ἀνοσιώτατα
978 1655 1336 1729 ἁμαρτήματα
1372 1656 1765 1729 ἁμαρτάνουσι.
1805 1677 1946 1728 μαρ-

276 1747 435 1807 τυρεῖ
449 1736 507 1792 δὲ
526 1736 743 1802 τούτοις
760 1740 850 1793 καὶ
867 1737 1105 1809 Ὅμηρος
1119 1761 1130 1772 ·
1164 1743 1420 1810 βασιλέας
1436 1740 1542 1810 γάρ
1562 1740 1653 1806 καὶ
1674 1737 1947 1801 δυνάστας

218 1828 252 1870 Ε
281 1818 487 1880 ἐκεῖνος
508 1824 768 1888 πεποίηκε
786 1817 915 1882 τοὺς
936 1821 997 1874 ἐν
1016 1818 1210 1874 ’Ἅιδου
1227 1821 1324 1875 τὸν
1346 1820 1428 1876 άεὶ
1445 1821 1650 1891 χρόνον
1669 1839 1947 1889 τιμωρου-

278 1899 510 1965 μένους,
555 1897 843 1953 Τάνταλον
870 1901 960 1953 καὶ
988 1905 1247 1970 Σίσυφον
1284 1903 1375 1955 καὶ
1411 1899 1639 1955 Τιτυόν·
1681 1904 1949 1969 Θερσίτην

280 1980 364 2046 δέ,
395 1979 487 2033 καὶ
505 1985 560 2033 εἴ
579 1999 659 2042 τις
677 1976 842 2044 ἄλλος
861 1979 1102 2051 πονηρὸς
1120 1975 1192 2052 ἦν
1213 1981 1456 2052 ἰδιώτης,
1490 1978 1670 2045 οὐδεὶς
1688 1984 1949 2050 πεποίηκε

277 2059 539 2130 μεγάλαις
581 2066 860 2131 τιμωρίαις
898 2063 1274 2133 συνεχόμενον
1313 2060 1385 2126 ὡς
1424 2060 1675 2118 άνίατον·
1719 2061 1787 2116 ού
1822 2060 1947 2132 γάρ,

279 2139 455 2211 οἶμαι,
485 2143 612 2211 ἐξῆν
634 2138 782 2214 αὐτῷ
797 2165 808 2176 ·
844 2141 926 2196 διὸ
948 2145 1040 2197 καὶ
1060 2142 1542 2214 εὐδαιμονέστερος
1563 2137 1635 2214 ἦν
1653 2139 1688 2213 ἢ
1709 2139 1788 2206 οἷς
1806 2145 1946 2212 ἐξῆν.

275 2219 414 2277 ἀλλὰ
443 2221 578 2292 γάρ,
618 2217 664 2276 ὦ
690 2227 1038 2294 Καλλίκλεις,
1076 2226 1137 2279 ἐκ
1166 2231 1280 2279 τῶν
1309 2228 1635 2295 δυναμένων
1664 2225 1765 2280 εἰσὶ
1788 2226 1878 2279 καὶ
1897 2225 1951 2278 οἱ

163 2313 247 2359 626
279 2303 499 2372 σφόδρα
529 2306 761 2375 πονηροὶ
799 2305 1118 2375 γιγνόμενοι
1146 2306 1465 2376 ἄνθρωποι·
1502 2305 1668 2361 οὐδὲν
1695 2304 1807 2376 μὴν
1836 2326 1948 2360 κω-

275 2384 397 2439 λύει
433 2387 522 2439 καὶ
558 2387 619 2440 έν
652 2386 869 2450 τούτοις
905 2384 1158 2456 ἆγαθους
1200 2386 1407 2457 ἄνδρας
1444 2389 1821 2458 ἐγγίγνεσθαι,
1858 2384 1946 2437 καὶ

278 2466 496 2534 σφόδρα
517 2488 580 2536 γε
599 2465 754 2531 άξιον
772 2467 1017 2537 άγασθαι
1032 2489 1145 2522 των
1165 2471 1532 2539 γιγνομένων
1564 2465 1805 2537 χαλεπὸν
1823 2464 1948 2534 γάρ,

279 2567 320 2599 ω
341 2551 665 2612 Καλλίκλεις
678 2590 692 2618 ,
724 2550 814 2603 καὶ
834 2555 1044 2604 πολλοῦ
1065 2551 1295 2604 ἐπαίνου
1316 2548 1512 2614 ἅξιον’
1487 2571 1548 2603 εν
1566 2547 1774 2619 μεγάλῃ
1793 2548 1949 2611 ἐξου-

279 2630 369 2697 σία
393 2631 493 2680 τοῦ
526 2625 735 2682 ἀδικειν
763 2629 1068 2699 γενόμενον
1098 2633 1319 2694 δικαίως
1349 2633 1649 2700 διαβιωναι.
1687 2626 1862 2697 ὀλίγοι
1891 2629 1949 2680 δὲ

277 2711 561 2777 γίγνονται
590 2711 646 2764 οἱ
670 2717 938 2764 τοιοῦτοι·
976 2713 1090 2766 ἐπεὶ
1121 2713 1220 2779 καὶ,
1231 2710 1434 2766 ἐνθάδε
1454 2712 1543 2765 καὶ
1565 2708 1765 2764 ἄλλοθι
1785 2707 1948 2780 γεγό-

278 2806 457 2862 νασιν,
495 2789 643 2862 οἶμαι
680 2794 738 2847 δὲ
766 2794 856 2848 καὶ
887 2797 1104 2849 ἔσονται
1137 2795 1294 2849 καλοὶ
1327 2790 1567 2862 κάγαθοὶ
1606 2790 1811 2861 ταύτην
1846 2788 1945 2859 τὴν
