2020 3094
106 172 159 215 τι
683 162 1222 212 ΕΥΘΤΔΗΜΟΣ.
1679 147 1783 209 119

10 294 13 307 ¹
107 302 222 353 τῶν
237 296 462 368 ἐρέσθαι
483 293 603 367 [τὸν
619 294 1003 366 Εὐθύδημον],
1025 298 1075 350 εἰ
1089 294 1179 350 καὶ
1199 291 1481 365 ὀρχεῖσθαι
1502 295 1774 349 ἐπίσταιτο
1790 305 1825 347 Ε

110 376 612 445 ὁΔιονυσόὸωρος·
651 373 785 446 ὁδέ,
825 377 1017 444 Πάνυ,
1060 380 1183 446 ἔφη.
1254 374 1340 431 Οὐ
1371 374 1580 446 δήπου,
1621 365 1693 443 ἦν
1722 369 1774 427 δ’

110 458 248 528 ἐγώ,
286 459 373 514 καὶ
405 461 459 522 ἐς
486 463 751 528 μαχαίρας
780 478 841 527 γε
870 462 1137 528 κυβιστᾶν
1167 457 1257 512 καὶ
1286 456 1370 511 ἐπὶ
1389 459 1590 525 τροχοῦ
1611 456 1780 509 δινεῖ-

110 549 248 595 σθαι
267 546 584 611 τήλικοῦτος
603 561 710 606 ων,
748 535 894 592 οὕτω
925 538 1114 606 πόρρω
1146 535 1400 607 σοφιάς”’
1360 557 1535 608 ηκεις;
1575 532 1777 603 Οὐδέν,

108 626 245 692 ἔφη,
281 620 314 676 ὅ
333 644 382 676 τι
400 620 484 676 οὔ.
551 620 802 687 Πότερον
822 622 907 689 δέ,
944 613 1017 690 ἦν
1037 617 1090 673 δ’
1109 619 1215 689 ἐγώ
1230 662 1243 689 ,
1282 618 1461 673 πάντα
1480 622 1587 672 νῦν
1607 615 1783 687 μόνον

111 706 453 759 ἐπίστασθον
486 697 523 773 ἦ
558 703 649 757 καὶ
686 700 798 767 ἅείς
836 703 943 756 Καὶ
980 699 1092 770 ἀεί,
1128 704 1248 771 ἔφη.
1319 701 1428 755 Καὶ
1466 698 1555 754 ὅτε
1591 701 1780 754 παιδία

111 784 286 855 ἤστην
315 786 404 839 καὶ
435 781 612 848 εὐθὺς
641 781 929 853 γενόμενοι
958 779 1293 853 ἠπίστασθε;
1329 779 1547 850 Πάντα,
1571 778 1779 850 ἐφάτην

109 863 224 936 ἅμα
245 862 537 935 ἀμφοτέρω
554 886 564 894 ·
602 866 692 919 καὶ
715 861 845 934 ἡμῖν
873 864 973 933 μὲν
1001 860 1234 917 ἄπιστον
1262 861 1444 917 ε’δόκει
1472 859 1532 917 τὸ
1555 867 1781 932 πρᾶγμα
1809 869 1906 918 29ἑν

35 959 37 980 ³
111 945 276 1001 εἶναι·
315 945 344 1001 ὁ
388 942 442 1000 δ’
473 943 839 1015 Εὐθύδημος,
877 942 1164 1013 Ἀπιστεῐς,
1205 947 1337 1014 ἔφη,
1378 937 1422 998 ὦ
1457 941 1780 1013 Σώκρατεςς

108 1026 270 1098 Πλήν
302 1025 361 1097 γ’
399 1025 483 1083 ὅτι
511 1024 656 1097 [ἐγώ]
688 1026 832 1090 εἰκὸς
860 1024 1003 1096 ὑμᾶς
1030 1027 1141 1081 ἐστὶ
1171 1023 1383 1095 σοφοὺς
1414 1023 1567 1080 εἶναι.
1633 1020 1779 1079 Ἀλλ’

110 1107 207 1179 ἦν,
246 1112 381 1179 ἔφη,
423 1110 689 1180 ἐθελήσῃς
716 1130 808 1178 μοι
828 1106 1254 1177 ἀποκρίνεσθαι,
1295 1104 1401 1177 ἐγώ
1427 1108 1674 1171 ἐπιδείξω
1690 1104 1780 1159 καὶ

110 1193 170 1245 σὲ
189 1196 360 1245 ταῦτα
379 1189 443 1244 τὰ
463 1188 759 1261 θαυμαστὰ
793 1188 1186 1260 ὁμολογοῦντα.
1253 1186 1415 1245 Ἀλλά
1445 1189 1585 1259 μήν,
1622 1180 1696 1258 ἦν
1726 1183 1777 1241 δ’

31 1337 33 1354 4
111 1271 248 1342 ἐγώ,
288 1270 484 1342 ἥδιστα
504 1277 674 1326 ταῦτα
691 1273 1047 1341 ἐξελέγχομαι.
1088 1274 1139 1325 εἰ
1152 1269 1257 1340 γάρ
1276 1292 1361 1326 τοι
1386 1272 1595 1341 λέληθα
1611 1272 1781 1340 ἐμαυ-

110 1352 211 1409 τὸν
231 1351 407 1423 σοφὸς
426 1352 533 1424 ὤν,
555 1351 627 1408 σύ
649 1354 705 1409 δὲ
725 1358 888 1408 τοῦτο
907 1355 1184 1418 ἐπιδείξεις
1204 1349 1277 1416 ὡς
1293 1353 1471 1405 πάντα
1493 1353 1782 1421 ἐπίσταμαι

113 1436 202 1490 καὶ
241 1432 351 1503 ἆεί,
387 1440 443 1490 τί
474 1438 657 1504 μεῖζον
691 1435 919 1504 ἕρμαιον
958 1431 1133 1489 αὐτοῦ
1169 1430 1241 1489 ἄν
1277 1432 1493 1504 εὕροιμι
1531 1436 1592 1489 ἐν
1621 1435 1781 1488 παντὶ

113 1522 189 1588 τῷ
216 1520 347 1590 βι’φ;

252 1602 404 1652 xxll.
474 1594 800 1664 ’Λποκρίνου
843 1596 939 1666 δή,
988 1601 1107 1667 ἔφη.
1175 1594 1267 1661 Ὡς
1295 1597 1784 1699 ἀποκρινουμένου

110 1678 301 1746 ἔρωτα.
368 1670 486 1746 'Ao’
516 1671 638 1746 οὖν,
673 1682 805 1749 ἔφη,
846 1700 888 1733 ω
919 1677 1241 1747 Σώκρατες,
1279 1678 1595 1750 ἐπιστήμων
1613 1700 1714 1733 του
1739 1675 1787 1733 εἷ
1816 1693 1846 1734 Β

111 1756 149 1831 ἦ
168 1758 266 1824 οὕς
291 1758 511 1830 Ἔγωγε.
580 1759 830 1828 Πότερον
849 1751 954 1813 οὖν
978 1751 1025 1832 ᾦ
1050 1759 1363 1830 ἐπιστήμων
1382 1781 1454 1829 ει,
1494 1759 1672 1834 τούτῳ
1693 1761 1782 1814 καὶ

110 1843 424 1912 ἐπίστασαι,
460 1837 496 1912 ἢ
515 1839 664 1915 αλλῳ
693 1862 797 1914 τῳ;
823 1833 912 1896 Ὧι
940 1839 1267 1911 ἐπιστήμων.
1308 1840 1456 1912 οἶμαι
1474 1842 1580 1912 γάρ
1602 1858 1662 1897 σε
1683 1841 1784 1912 τὴν

113 1919 295 1994 ψυχὴν
312 1924 518 1993 λέγειν·
554 1919 591 1995 ἦ
609 1922 677 1978 οὐ
696 1930 858 1979 τοῦτο
879 1923 1078 1992 λέγεις;
1118 1921 1236 1978 Οὐκ
1258 1923 1531 1995 αἰσχύνει,
1567 1928 1781 1995 ἔφη,ω

112 2006 433 2074 Σώκρατεςς
477 2005 828 2077 ἐρωτώμενος
863 2002 1199 2079 α’ντερωτᾷςς
1250 2005 1406 2075 Ειεν,
1443 2000 1515 2077 ἦν
1550 2003 1601 2061 δ’
1650 2005 1781 2075 ἐγώ·

114 2084 251 2141 ἀλλὰ
283 2092 399 2151 πῶς
427 2093 567 2142 ποιῶ
580 2111 596 2154 3
634 2085 780 2142 οὕτω
802 2084 907 2157 γὰρ
928 2086 1167 2158 ποιήσω,
1188 2109 1337 2153 οπως
1357 2109 1430 2142 αν
1449 2085 1519 2142 σύ
1539 2087 1780 2159 κελεύῃς.

115 2160 250 2222 ὅταν
262 2167 336 2238 μὴ
357 2171 486 2223 εἰδῶ
505 2166 538 2223 δ’
555 2190 606 2223 τι
621 2170 842 2243 ἐρωτᾷς,
864 2168 1103 2234 κελεύεις
1117 2191 1180 2239 με
1200 2167 1347 2240 ὅμως
1365 2167 1781 2239 ἀποκρίνεσθαι,

112 2246 252 2304 ἀλλὰ
271 2248 344 2320 μή
366 2250 760 2319 ἑπανερέσθαις
787 2248 1213 2321 ’Τπολαμβοὶνεις
1230 2249 1335 2320 γὰρ
1357 2250 1538 2321 δήπου
1558 2271 1635 2321 τι,
1658 2255 1780 2321 ἔφη,
1816 2270 1848 2313 c

111 2328 147 2384 ὃ
165 2333 331 2399 λέγως
355 2329 594 2401 Ἔγωγε,
631 2325 705 2402 ἦν
724 2330 779 2387 δ’
799 2332 923 2402 ἐγώ.
988 2330 1142 2401 Πρὸς
1161 2339 1321 2388 τοῦτο
1342 2339 1533 2388 τοίνυν
1551 2330 1784 2401 ἀποκρί-

112 2433 244 2483 νου,
285 2409 316 2467 ὃ
352 2409 773 2484 ὑπολαμβάνεις.
846 2419 916 2469 Τί
947 2407 1077 2484 οὖν,
1117 2418 1285 2485 ἔφην,
1320 2410 1391 2470 ἄν
1419 2414 1490 2470 σύ
1519 2414 1619 2487 μὲν
1647 2413 1783 2486 ἄλλῃ

111 2496 320 2568 ἐρωτᾷς
338 2493 751 2564 διανοούμενος,
773 2492 879 2564 ἐγώ
900 2494 954 2550 δὲ
982 2493 1120 2568 ἄλλῃ
1143 2492 1424 2568 ὑπολάβω,
1445 2501 1626 2552 ἔπειτα
1647 2497 1784 2565 πρὸς

110 2583 274 2632 τοῦτο
310 2573 721 2650 ἀποκρίνωμαι,
758 2582 973 2647 ἐξαρκεῖ
1005 2598 1118 2679 σοι,
1155 2579 1255 2636 ἐὰν
1287 2583 1461 2653 μηδὲν
1490 2582 1629 2654 πρὸς
1657 2587 1785 2649 ἔπος

111 2655 518 2730 ἇποκρίνωμαις
551 2659 790 2730 Ἔμοιγε,
810 2654 846 2730 ἦ
869 2659 922 2715 δ’
944 2659 1120 2726 ὅς·ού
1136 2667 1323 2734 μέντοι
1347 2669 1531 2736 σοίγε,
1554 2661 1627 2730 ὡς
1646 2658 1785 2739 ἐγω-

112 2761 223 2808 μαι.
299 2737 386 2796 Ου
407 2746 599 2796 τοίνυν
617 2739 691 2811 μά
714 2747 822 2797 Διά
846 2738 1280 2842 ἀποκρινοῦμαι,
1310 2738 1383 2816 ἦν
1402 2744 1456 2801 δ’
1476 2746 1611 2818 ἐγώ,
1642 2745 1780 2816 πρό-

114 2841 301 2891 τερον,
333 2818 517 2890 nolu*
481 2845 552 2878 αν
572 2824 850 2894 πύθωιιαι
930 2822 1049 2881 Ουκ
1072 2822 1309 2896 ἄποκριι
1314 2839 1383 2895 εἴ,
1420 2831 1552 2898 ἔφη,
1590 2828 1727 2896 πρὸς
1751 2853 1787 2885 α
