1962 3112
76 130 161 175 103
630 117 797 166 111252
814 116 1198 165 ΤΑΓΟΡΑΣ.
1651 110 1750 164 191

75 261 292 329 λέγητε,
326 254 413 312 ὅτι
433 251 702 315 πολλάκις
719 249 1052 348 γιγνώσκων
1070 248 1135 303 τὰ
1155 245 1297 303 κακοὶ
1319 245 1702 318 ἄνθρωπος,
1669 268 1754 302 οτι

77 361 219 395 κακα
207 338 414 405 ’ἐστιν,
452 356 603 405 ομως
620 332 845 403 πράττει
864 329 1031 398 αὐτά,
1069 327 1193 395 ἐξὸν
1219 327 1293 401 μὴ
1325 328 1608 400 πράττειν,
1640 324 1749 382 ὑπὸ

76 428 189 477 τῶν
206 417 431 492 ἡδονῶν
459 414 734 512 ἀγόμενος
760 414 852 468 καὶ
880 412 1337 484 ἐκπληττόμενος·
1371 413 1461 468 καὶ
1488 405 1656 475 αὖθις
1680 403 1756 465 αύ
1789 423 1819 463 Β

74 505 286 574 λέγετε,
309 499 395 557 ὅτι
411 498 740 572 γιγνώσκων
759 493 789 551 ὁ
813 494 1114 566 ανθρωπος
1132 494 1352 567 τάγαθὰ
1373 496 1633 565 πράττειν
1650 492 1754 552 οὐκ

73 586 252 640 ἐθέλει
281 580 370 637 διὰ
406 579 503 646 τὰς
539 585 867 649 παραχρῆμα
900 575 1135 649 ἡδονάς,
1175 576 1281 634 ὑπὸ
1326 578 1542 634 τούτων
1577 575 1755 650 ἡττώ-

74 687 253 737 μενος.

217 751 465 803 XXXVII.
535 742 626 809 Ὡς
644 748 890 800 δὲταῦτα
907 745 1095 817 γελοῖά
1110 747 1242 816 ἐστι,
1263 746 1574 817 κατάδηλον
1586 750 1752 816 ἔσται,

74 827 173 884 ἐὰν
192 827 264 899 μὴ
287 834 510 892 πολλοῖς
529 825 765 898 ὀνόμασι
784 827 1046 898 χρώμεθα
1066 825 1191 899 ἄρα,
1212 826 1339 899 ἡδεῖ
1353 850 1411 884 τε
1430 830 1522 884 καὶ
1545 826 1757 903 ἄνιαρῷ

75 911 165 966 καὶ
201 906 397 982 ἀγαθῷ
437 909 529 964 καὶ
574 914 730 980 κακῶ
742 950 757 978 ,
806 907 929 964 ἀλλ’
980 907 1165 980 ἐπειδὴ
1206 908 1307 964 δύο
1348 910 1525 982 ἐφάνη
1562 917 1753 982 ταῦτα,

78 995 236 1047 δυοῖν
265 993 356 1047 καὶ
386 989 622 1061 ὀνόμασι
649 992 1152 1061 προσαγορεύωμεν
1190 990 1358 1061 αὐτά,
1396 997 1620 1061 πρῶτον
1653 991 1755 1062 μὲν

76 1071 274 1146 ἀγαθῷ
292 1073 382 1127 καὶ
401 1078 556 1145 κακῷ
568 1115 583 1143 ,
606 1076 788 1128 ἔπειτα
811 1066 979 1138 αὖθις
996 1070 1115 1144 ἡδεῖ
1132 1095 1189 1129 τε
1207 1076 1296 1129 καὶ
1317 1071 1544 1148 άνιαρῷ.
1582 1076 1754 1145 θέμε-

75 1175 165 1210 νοι
180 1152 246 1224 δὴ
269 1152 414 1209 οὕτω
430 1157 692 1226 λέγωμεν,
715 1153 800 1210 ὅτι
813 1155 1143 1226 γιγνώσκων
1160 1154 1189 1211 ὁ
1211 1154 1513 1226 ἅνθρωπος
1531 1156 1596 1212 τὰ
1610 1154 1751 1212 κακὰ
1781 1163 1813 1206 C

76 1235 162 1292 ὅτι
180 1236 323 1291 κακά
343 1238 490 1292 ἐστιν
503 1279 516 1304 ,
538 1235 687 1308 ὅμως
706 1235 845 1293 αὐτὰ
866 1249 1022 1294 ποιεῖ.
1045 1236 1144 1293 ἐὰν
1163 1232 1269 1293 οὖν
1287 1260 1367 1303 τις
1385 1236 1527 1310 ἡμᾶς
1547 1242 1750 1311 ἔρηται,

78 1318 262 1388 διὰτί,
299 1315 635 1390 ἡττώμενος,
676 1319 951 1391 φήσομεν·
990 1317 1099 1375 ὑπὸ
1121 1326 1249 1386 τοῦς
1279 1323 1486 1386 ἐκεῖνος
1505 1322 1754 1392 ἐρήσεται

75 1397 219 1471 ἡμᾶς
233 1422 244 1431 ·
263 1397 395 1471 ἡμῖν
417 1402 475 1455 δὲ
493 1397 603 1456 ὑπὸ
622 1402 725 1471 μὲν
742 1399 949 1474 ἡδονῆς
969 1400 1152 1458 οὐκέτι
1171 1405 1375 1468 ἔξεστιν
1396 1408 1570 1460 εἰπεῖν
1585 1428 1595 1438 ·
1619 1402 1752 1459 ἄλλο

75 1480 182 1552 γὰρ
202 1481 380 1554 ὄνομα
399 1487 725 1554 μετείληφεν
745 1482 865 1539 ἀντὶ
878 1490 974 1555 τῆς
992 1482 1195 1556 ἡδονῆς
1212 1482 1272 1540 τό
1295 1481 1516 1554 ἀγαθόν
1531 1506 1542 1516 ·
1564 1487 1754 1558 ἐκείνω

79 1563 146 1635 δὴ
178 1563 614 1636 ἀποκρινώμεθα
643 1567 733 1620 καὶ
762 1568 1031 1636 λέγωμεν,
1071 1564 1155 1620 ὅτι
1190 1562 1503 1636 ἡττώμενος
1535 1599 1607 1606 -
1643 1563 1752 1621 ὑπὸ

77 1650 254 1714 τίνος;
291 1646 456 1718 φήσει
470 1668 483 1680 ·
504 1654 607 1702 τοῦ
626 1645 874 1717 α’γαθοῦ,
898 1647 1149 1718 φήσομεν
1169 1645 1237 1718 νὴ
1258 1653 1381 1703 Δία.
1405 1643 1478 1703 ἄν
1498 1641 1603 1703 οὖν
1620 1647 1756 1719 τύχῃ

80 1726 110 1783 ὁ
132 1729 392 1800 ἐρόμενος
410 1726 552 1801 ἡμᾶς
572 1726 831 1800 ὑβριστὴς
853 1727 934 1785 ῶν
948 1772 960 1798 ,
999 1729 1286 1799 γελάσεται
1314 1731 1405 1786 καὶ
1436 1732 1570 1798 ἐρεῖ·
1609 1723 1644 1800 ἦ
1663 1751 1757 1800 γε-

80 1818 235 1867 λοῖον
253 1812 434 1880 λέγετε
454 1818 678 1883 πρᾶγμα
692 1855 706 1881 ,
729 1817 780 1868 εἰ
794 1813 1018 1882 πράττει
1035 1834 1115 1877 τις
1134 1813 1278 1868 κακά
1292 1854 1306 1882 ,
1327 1811 1653 1884 γιγνώσκων
1671 1811 1756 1868 ὅτι
1789 1825 1822 1865 D

81 1893 227 1949 κακά
245 1895 419 1962 ἐστιν,
442 1891 510 1948 ού
530 1897 657 1949 δέον
676 1892 850 1950 αὐτὸν
869 1894 1128 1963 πράττειν
1141 1937 1154 1962 ,
1182 1892 1494 1965 ἡττώμενος
1513 1892 1622 1950 ὑπὸ
1644 1900 1757 1950 τῶν

83 1974 332 2047 άγαθῶν.
355 1970 480 2046 ἆρα,
502 1976 668 2048 φήσει
683 2020 695 2043 ,
714 1976 818 2034 οὐκ
839 1976 1010 2043 άξίων
1029 1975 1211 2032 ὄντων
1231 1981 1396 2049 νικᾷν
1414 1978 1475 2031 ἐν
1494 1972 1625 2046 ὑμῖν
1644 1981 1756 2030 τῶν

81 2055 316 2128 ἀγαθῶν
343 2057 408 2114 τὰ
439 2058 609 2127 κακά,
647 2055 684 2130 ἦ
713 2058 910 2125 ἀξίων;
949 2057 1201 2130 φήσομεν
1230 2062 1400 2128 δῆλον
1419 2055 1504 2113 ὅτι
1526 2055 1757 2127 ἀποκρι-

85 2137 337 2210 νόμενοι,
376 2138 461 2196 ὅτι
488 2138 593 2196 οὐκ
626 2139 797 2207 ἀξίων
826 2140 1033 2196 ὄντων’
1072 2138 1141 2194 οὐ
1168 2137 1276 2210 γὰρ
1297 2135 1368 2194 ἄν
1389 2138 1757 2210 ἐξημάρτανεν

83 2219 152 2277 ὃν
171 2242 356 2292 φαμεν
374 2219 516 2292 ἥττω
536 2221 674 2278 εἶναι
692 2229 804 2278 τῶν
822 2220 1058 2294 ἡδονῶν.
1097 2223 1235 2277 κατὰ
1256 2229 1308 2277 τί
1326 2224 1403 2289 δέ,
1425 2222 1589 2292 φήσει
1609 2229 1756 2290 ἴσως,

84 2300 278 2369 άνάξιά
307 2305 419 2358 ἐστι
445 2301 666 2373 τάγαθὰ
693 2311 806 2360 τῶν
835 2310 1025 2360 κακῶν
1053 2299 1090 2375 ἦ
1108 2301 1174 2358 τὰ
1196 2301 1337 2358 κακοὶ
1359 2309 1471 2358 τῶν
1490 2301 1758 2372 άγαθῶνς

82 2381 121 2456 ἢ
139 2383 262 2441 κατ’
284 2383 418 2441 ἄλλο
439 2407 490 2441 τι
512 2382 547 2455 ἦ
566 2384 702 2440 ὅταν
720 2385 786 2441 τὰ
806 2387 908 2458 μὲν
930 2390 1089 2457 μείζω
1104 2427 1118 2454 ,
1157 2382 1223 2440 τὰ
1256 2385 1314 2440 δὲ
1342 2385 1674 2457 σμικρότερα
1694 2378 1729 2458 ᾖ
1743 2406 1757 2450 3

83 2463 330 2539 ἢπλείω,
352 2468 418 2523 τὰ
440 2468 498 2524 δὲ
521 2467 724 2523 ἐλάττω
743 2461 810 2540 ᾖς
841 2465 940 2538 οὐχ
962 2468 1154 2537 ἕξομεν
1175 2470 1347 2522 εἰπεῖν
1368 2464 1503 2523 ἄλλο
1523 2462 1559 2538 ἢ
1577 2471 1757 2521 τοῦτο.
1793 2474 1821 2514 E

84 2551 254 2619 δῆλον
274 2549 410 2620 ἄρα,
449 2550 613 2622 φήσει
627 2593 642 2620 ,
684 2549 769 2606 ὅτι
797 2549 856 2605 τὸ
888 2547 1159 2621 ἡττᾶσθαι
1188 2554 1351 2604 τοῦτο
1388 2551 1596 2620 λέγετε,
1637 2545 1760 2603 ἀντὶ

87 2631 400 2688 ἐλαττόνων
435 2630 671 2703 άγαθῶν
703 2636 864 2702 μείζω
902 2629 1042 2687 κακὰ
1081 2630 1399 2702 λαμβάνειν.
1448 2636 1620 2685 ταῦτα
1657 2627 1757 2699 μὲν

87 2706 195 2769 οὖν
213 2712 375 2771 οὕτω.
414 2714 808 2787 μεταλάβωμεν
841 2712 907 2786 δὴ
940 2712 1004 2770 τὰ
1037 2711 1282 2786 ὀνόματα
1302 2713 1471 2769 πάλιν
1490 2710 1550 2768 τὸ
1573 2709 1683 2783 ἡδύ
1701 2732 1759 2766 τε

0 2805 7 2883 f
84 2797 175 2852 καὶ
217 2794 453 2867 ἀνιαρὸν
490 2798 575 2854 ἐπὶ
613 2809 724 2863 τοῖς
760 2794 947 2861 αὐτοῖς
981 2795 1224 2866 τούτοις,
1262 2795 1353 2851 καὶ
1392 2797 1638 2866 λέγωμεν
1677 2791 1762 2847 ὅτι
