1962 3112
21 99 32 129 )

1390 33 1395 38 .
1428 0 1598 33 ³th
1606 0 1691 22 *w

123 70 226 164 ’ὦ
300 70 310 77 ’
646 64 649 65 ⁷
785 67 1186 157 roprmz’:
1463 83 1467 85 ’
1708 89 1812 158 281

278 248 404 300 2:⁸9..
462 240 694 298 Οὐκοῦν
720 239 781 296 τό
812 244 1095 310 τοιοῦτον,
1133 233 1180 295 ὦ
1208 246 1562 312 Καλλίκλεις,
1599 242 1815 310 ἔφαμεν

138 334 247 383 νῦν
265 327 334 398 δὴ
352 330 649 382 κολακείαν
668 321 836 391 Slvom

277 412 451 464 ΚΑΛ.
505 405 671 461 Πάνυ
686 426 766 475 γε.

282 493 408 545 ΣΩ.
446 490 589 556 Φέρε
608 485 681 558 δή
693 528 708 557 ,
740 493 795 541 εἰ
806 507 888 550 τις
905 487 1207 555 περιέλοιτο
1228 491 1324 556 τῆς
1344 483 1617 557 ποιήσεως
1635 483 1814 556 πάσης

138 571 200 626 τό
221 591 279 625 τε
297 573 458 641 μέλος
476 570 569 624 καὶ
586 565 688 623 τὸν
706 564 931 638 ῥυθμὸν
949 569 1043 622 καὶ
1060 564 1122 622 τὸ
1145 569 1363 636 μέτρον,
1382 565 1517 622 ἄλλο
1535 588 1585 622 τι
1603 562 1642 638 ἢ
1658 565 1817 638 λόγοι

139 657 425 723 γίγνονται
441 651 503 708 τὸ
524 649 882 720 λειπόμενονς

283 740 455 791 ΚΑΛ.
495 731 747 803 Ἀνάγκη.

281 823 407 874 ΣΩ.
447 815 676 872 Οὐκοῦν
695 812 837 887 πρὸς
853 813 1036 871 πολὺν
1054 812 1223 885 ὄχλον
1240 815 1333 871 καὶ
1354 817 1533 886 δῆμον
1553 805 1707 870 οὗτοι
1725 814 1818 869 λε’-

139 919 330 959 ·νονται
349 902 406 954 οἰ
421 897 602 968 λόγοις

278 984 450 1035 ΚΑΛ.
507 984 670 1050 Φημί.

283 1066 406 1116 Σῼ.
445 1066 774 1131 Δημηγορία
791 1059 901 1130 ἄρα
920 1064 1002 1125 τίς
1022 1057 1221 1132 ἐστινὴ
1243 1059 1498 1131 ποιητική
1503 1105 1513 1116 .

279 1148 450 1199 ΚΑΛ.
490 1147 766 1198 Φαίνεται.
1849 1155 1884 1196 D

280 1229 406 1280 ΣΩ.
449 1221 678 1279 Οὐκοῦν
689 1221 949 1295 ῥητορικὴ
971 1226 1275 1295 δημηγορία
1293 1219 1366 1279 ἂν
1382 1230 1488 1294 εἴη·
1509 1218 1546 1294 ἢ
1565 1220 1635 1278 οὐ
1653 1224 1819 1295 ῥητο-

144 1306 327 1378 ρεύειν
348 1309 584 1361 δοκοῦσι’
598 1324 687 1361 σοι
705 1309 764 1362 οἰ
778 1308 999 1378 ποιηταὶ
1018 1310 1080 1363 ἐν
1096 1317 1209 1371 τοῖς
1226 1306 1516 1377 θεάτροις;

282 1392 457 1443 ΚΑΛ.
493 1384 730 1458 Ἔμοιγε.

281 1473 406 1524 ΣΩ.
447 1473 579 1523 Νῦν
597 1467 706 1540 ἄρα
724 1467 879 1540 ἡμεῖς
898 1467 1211 1540 εὑρήκαμεν
1226 1468 1526 1540 ῥητορικήν
1540 1490 1663 1524 τινα
1679 1467 1818 1541 πρὸς

143 1553 322 1621 δῆμον
351 1555 610 1605 τοιοῦτον
639 1546 760 1606 οἷον
786 1554 1004 1606 παίδων
1031 1572 1090 1606 τε
1118 1548 1263 1621 ὁμοῦ
1290 1551 1382 1607 καὶ
1407 1556 1697 1621 γυναικῶν
1727 1552 1820 1607 καὶ

142 1629 382 1701 ἀνδρῶν,
395 1632 487 1687 καὶ
506 1631 727 1687 δούλων
744 1634 836 1688 καὶ
848 1633 1180 1701 ἐλευθέρων,
1192 1628 1266 1702 ἢν
1285 1629 1353 1687 οὐ
1373 1631 1525 1687 πάνυ
1541 1629 1816 1703 ἀγάμεθα·

142 1709 445 1783 κολακικὴν
465 1709 574 1782 γὰρ
593 1709 770 1782 αὐτήν
793 1733 977 1783 φαμεν
996 1710 1151 1768 εἶναι.

284 1799 454 1849 ΚΑΛ.
493 1793 659 1848 Πάνυ
675 1815 752 1863 γε.

283 1882 459 1933 ΙΝΠῙ.
533 1880 660 1934 ΣΩ.
697 1874 856 1931 Εἶεν·
892 1887 943 1932 τί
967 1874 1076 1948 δὲὴ
1098 1874 1240 1947 πρὸς
1257 1875 1360 1933 τὸν
1382 1874 1699 1948 Ἀθηναίων
1718 1880 1821 1947 δῆ-

142 1980 250 2031 μον
269 1956 529 2031 ῥητορικὴ
549 1959 640 2012 καὶ
660 1956 792 2023 τούς
807 1957 1010 2023 ἄλλους
1028 1956 1159 2022 τοὺς
1177 1958 1239 2012 ἐν
1255 1968 1374 2022 ταῖς
1395 1957 1589 2013 πόλεσι
1608 1958 1817 2030 δήμους
1846 1973 1880 2014 Ε

142 2041 275 2105 τούς
299 2045 414 2095 τῶν
441 2042 757 2107 ἐλευθέρων
786 2038 1040 2110 ἀνδρῶν,
1076 2044 1134 2094 τί
1166 2059 1298 2095 ποτε
1327 2037 1460 2110 ἡμῖν
1499 2038 1639 2111 αὕτη
1677 2043 1795 2096 ἐστί
1802 2062 1818 2106 3

144 2121 382 2191 πότερόν
399 2137 488 2177 σοι
517 2124 747 2176 δοκοῦσι
773 2119 914 2191 πρὸς
939 2119 1000 2177 τὸ
1021 2124 1308 2193 βέλτιστον
1334 2118 1419 2176 ἀεὶ
1447 2123 1626 2191 λέγειν
1646 2123 1703 2176 ol*
1716 2120 1821 2193 ριξἱ

144 2223 318 2272 τορες,
332 2201 537 2258 τούτου
558 2201 964 2273 στοχαζόμενοι,
985 2200 1136 2268 ὅπως
1148 2205 1206 2258 οἰ
1221 2209 1439 2258 πολῖται
1459 2199 1534 2266 ὥς
1551 2205 1823 2273 βέλτιστοι

146 2288 366 2354 ἔσονται
384 2282 474 2338 διὰ
495 2281 626 2347 τούς
644 2281 834 2339 αὐτῶν
853 2284 1086 2355 λόγους,
1124 2280 1161 2355 ἢ
1182 2287 1272 2339 καὶ
1302 2277 1461 2339 οὗτοι
1481 2283 1618 2353 πρὸς
1636 2283 1697 2339 τό
1719 2305 1824 2354 χα-

146 2370 394 2434 ρίζεσθαι
421 2377 535 2430 τοῖς
563 2370 810 2430 πολίταις
847 2362 1187 2436 ὡρμημένοι,
1227 2366 1318 2421 καὶ
1335 2365 1499 2421 ἕνεκα
1534 2370 1639 2420 τοῦ
1675 2366 1823 2421 ἰδίου

145 2453 247 2503 τοῦ
271 2445 458 2503 αὐτῶν
477 2444 877 2517 ὀλιγωροῦντες
895 2454 997 2503 τοῦ
1014 2454 1209 2503 κοινοῦ
1223 2490 1237 2518 ,
1267 2445 1451 2516 ὥσπερ
1471 2449 1626 2502 παισὶ
1655 2468 1823 2519 προς-

147 2536 401 2601 ομιλοῦσι
420 2541 534 2594 τοῖς
554 2530 747 2600 δήμοις
760 2571 775 2597 ,
811 2534 1132 2600 χαρίζεσθαι
1151 2527 1339 2595 αὐτοῖς
1370 2529 1701 2600 πειρώμενοι
1719 2529 1824 2601 μό-

146 2632 277 2681 νον,
299 2617 351 2668 εί
367 2615 431 2668 δέ
443 2633 507 2683 γε
523 2615 774 2683 βελτίους
793 2616 1013 2667 ἔσονται
1029 2607 1065 2683 ἦ
1085 2617 1301 2682 χείρους
1319 2610 1408 2668 διὰ
1430 2617 1603 2668 ταῦτα
1619 2655 1635 2683 ,
1657 2609 1824 2669 οὐδὲν

148 2698 561 2762 φροντίζουσιν;

286 2779 459 2831 ΚΑΛ.
519 2773 639 2846 Οὐχ
669 2772 887 2830 ἁπλοῦν
918 2779 996 2831 ἔτι
1015 2781 1180 2832 τοῦτο
1200 2777 1428 2849 ἐρωτᾷς·
1471 2778 1574 2832 εἰσὶ
1593 2779 1694 2847 μὲν
1713 2777 1821 2847 γάρ
1853 2798 1938 2844 503
