1962 3112
206 116 310 168 384
806 118 975 164 HAA
995 117 1278 167 ΤΩΝΟΣ
1830 128 1884 170 22

210 248 477 307 άπελθών
498 253 700 324 ῥᾳδίως
721 245 987 321 εὑρήσεις.
1027 251 1118 305 καὶ
1138 247 1236 305 ἐὰν
1256 256 1364 306 νῦν
1386 250 1666 325 εὕρωμεν,
1699 252 1882 325 ἀμέλει

212 332 315 390 οὐκ
338 331 569 404 ὀχληρὸς
589 335 786 403 ἔσομαι’
801 347 888 386 σοι
910 332 1367 403 πυνθανόμενος,
1401 331 1434 387 δ’
1452 357 1503 388 τι
1530 330 1601 407 ἦν
1620 338 1798 392 ἐκεῖνο
1812 379 1827 406 ,
1849 333 1881 391 ὃ

210 414 347 473 κατὰ
370 412 578 470 σαυτὸν
601 416 840 484 ἐξεῦρες·
878 419 987 469 νῦν
1017 415 1076 470 δὲ
1095 415 1295 469 θέασαι
1324 408 1398 469 αὖ
1415 415 1531 471 τόδ’
1559 426 1612 474 εἴ
1625 435 1711 474 σοι
1731 422 1888 474 δοκεῖ

152 508 182 549 c
213 497 351 554 εἶναι
371 495 430 553 τὸ
454 496 653 552 καλόν·
673 499 813 566 λέγω
836 493 902 566 δὴ
925 493 1058 551 αὐτὸ
1080 493 1301 552 εἶναι-
1319 494 1459 552 ἄλλα
1472 519 1577 569 γαρ
1597 498 1880 556 ἐπισκόπει

207 602 301 650 μοι
317 578 468 635 πάνυ
489 581 775 650 προσέχων
806 576 906 634 τὸν
925 585 1095 648 νοῦν,
1131 576 1204 649 μὴ
1227 580 1605 651 παραληρήσω
1624 613 1694 622 —-
1714 602 1876 637 τουτο

205 660 313 733 γὰρ
347 660 413 732 δή
445 664 581 715 ἔστω
612 657 742 731 ἡμῖν
771 661 972 727 καλόν,
1003 657 1031 715 ὃ
1065 655 1135 715 ὂὶν
1164 661 1432 732 χρήσιμον
1461 665 1510 733 ᾑ.
1567 661 1724 718 εἶπον
1740 665 1844 718 δὲ’
1817 684 1876 718 εκ

205 747 380 798 τωνδε
407 741 800 813 ἐννοούμενος·
854 747 1019 797 καλοί
1029 784 1043 813 ,
1085 744 1294 812 φαμέν,
1336 745 1390 798 οἱ
1416 740 1705 814 ὀφθαλμοί
1720 748 1874 812 εἰσιν,

206 822 304 895 οὐχ
320 829 377 880 οἳ
392 820 463 879 ἄν
480 827 683 879 δοκῶσι
703 831 941 888 τοιοῦτοι
963 823 1119 892 εἶναι,
1136 821 1241 879 οἷοι
1253 822 1326 895 μὴ
1345 826 1570 882 δυνατοὶ
1587 823 1746 899 ὁρᾷν,
1762 823 1878 881 ἀλλ’

207 911 263 961 οἳ
279 905 348 961 ἂν
370 909 602 960 δυνατοί
615 927 671 960 τε
691 906 782 961 καὶ
799 905 1055 976 χρήσιμοι
1075 905 1214 975 πρὸς
1233 904 1293 963 τὸ
1316 910 1466 962 ἰδεῖν.
1502 900 1540 978 ἦ
1557 905 1689 977 γάρ;

342 993 443 1043 ΙΠ.
490 991 617 1042 Ναί.

346 1074 470 1126 ΣΩ.
514 1066 742 1126 Οὐκοῦν
757 1070 848 1125 καὶ
866 1067 926 1124 τό
949 1068 1083 1125 ὅλον
1103 1075 1260 1141 σῶμα
1282 1069 1428 1126 οὕτω
1448 1072 1680 1142 λέγομεν
1703 1069 1874 1127 καλὸν

207 1151 372 1221 εἶναι,
393 1149 454 1206 τὸ
476 1152 579 1222 μὲν
599 1149 735 1220 πρὸς
762 1150 1001 1222 δρόμον,
1033 1149 1094 1207 τό
1118 1151 1176 1207 δὲ
1197 1152 1335 1224 πρὸς
1355 1151 1563 1223 πάλην,
1601 1153 1691 1207 καὶ
1714 1146 1788 1206 αὗ
1808 1152 1871 1207 τοὶ

138 1249 170 1291 D
207 1239 314 1300 ζῶα
335 1233 532 1305 πάντα,
551 1237 723 1289 ἵππον
742 1231 916 1289 καλὸν
938 1235 1028 1289 καὶ
1048 1233 1393 1304 ἀλεκτρυόνα
1413 1236 1504 1290 καὶ
1524 1231 1760 1306 ὅρτυγα,
1784 1236 1869 1290 καὶ

205 1315 273 1371 τοὶ
297 1315 468 1387 σκεύη
490 1315 669 1371 πάντα
691 1317 782 1371 καὶ
811 1314 877 1370 τοὶ
909 1313 1153 1387 ὀχήματα
1181 1316 1246 1371 τά
1277 1337 1335 1371 τε
1366 1313 1497 1383 πεζοὶ
1527 1313 1702 1372 καὶτὰ
1729 1318 1788 1371 ἐν
1806 1320 1871 1390 τῇ

204 1399 454 1470 θαλάττῃ
477 1398 640 1453 πλοῖά
660 1419 717 1452 τε
738 1400 828 1453 καὶ
847 1395 1111 1469 τριήρεις,
1153 1401 1243 1454 καὶ
1267 1398 1335 1453 τά
1363 1419 1427 1468 γε
1458 1396 1669 1468 ὄργανα
1690 1396 1868 1453 πάντα

214 1481 281 1534 τά
308 1501 364 1534 τε
386 1477 494 1534 ὑπὸ
517 1485 580 1551 τῇ
601 1485 839 1552 μουσικῇ
869 1482 959 1535 καὶ
977 1478 1043 1534 τοὶ
1065 1478 1175 1535 ὑπὸ
1206 1491 1323 1545 ταῖς
1342 1479 1529 1544 ἄλλαις
1547 1482 1782 1549 τέχναις,
1826 1482 1872 1535 εἰ

207 1561 500 1633 δὲβούλει,
539 1559 603 1615 τοὶ
636 1561 1035 1632 ἐπιτηδεύματα
1067 1565 1156 1616 καὶ
1185 1559 1315 1626 τοὺς
1334 1561 1565 1633 νόμους,
1600 1559 1797 1631 σχεδόν
1821 1583 1870 1617 τι

206 1644 387 1699 πάντα
424 1650 595 1699 ταῦτα
631 1643 770 1700 καλὰ
810 1644 1299 1715 προσαγορεύομεν
1345 1649 1421 1718 τῷ
1464 1641 1613 1716 αὐτῷ
1651 1643 1836 1717 τρόπῳ
1856 1663 1868 1675 ·

202 1725 610 1797 ἀποβλέποντες
630 1724 769 1793 πρὸς
799 1727 1034 1782 ἕκαστον
1065 1723 1278 1795 αὐτῶν,
1317 1718 1355 1797 ᾗ
1379 1725 1657 1795 πέφυκεν,
1697 1718 1736 1797 ᾗ
1754 1732 1868 1796 εἴρ-

202 1825 426 1878 γασται,
464 1800 500 1879 ᾗ
528 1818 729 1878 κεῖται,
774 1805 834 1862 τὸ
866 1807 968 1877 μὲν
996 1807 1264 1878 χρήσιμον
1294 1808 1385 1862 καὶ
1413 1799 1452 1877 ᾖ
1478 1806 1750 1877 χρήσιμον
1779 1807 1865 1862 καὶ

138 1896 173 1937 Ε
205 1887 342 1961 πρὸς
372 1886 403 1943 ὂ
430 1889 701 1959 χρήσιμον
731 1889 821 1944 καὶ
842 1886 1008 1944 ὁπότε
1026 1889 1298 1960 χρήσιμον
1317 1888 1489 1943 καλόν
1507 1908 1691 1958 φαμεν
1712 1886 1866 1958 εἶναι,

201 1969 261 2027 τὸ
285 1971 342 2026 δὲ
362 1969 535 2041 ταύτῃ
556 1969 737 2043 πάντῃ
759 1969 1034 2042 ἄχρηστον
1055 1968 1315 2040 αἰσχρόν·
1349 1962 1431 2039 ἆρ’
1455 1961 1562 2023 οὖν
1581 1966 1650 2023 οὐ
1669 1970 1758 2025 καὶ
1780 1969 1867 2026 σοὶ

202 2056 353 2107 δοκεῖ
371 2050 575 2122 οὕτως,
602 2045 647 2105 ὦ
662 2049 838 2107 Ἱππία
851 2075 865 2118 ;

337 2139 438 2189 IH.
478 2132 715 2203 Ἔμοιγε.

342 2220 451 2269 XX.
524 2218 647 2269 ΣΩ.
697 2211 908 2284 Ὀρθῶς
927 2211 1034 2282 ἄρα
1063 2219 1173 2269 νῦν
1204 2217 1464 2285 λέγομεν,
1506 2211 1591 2268 ὅτι
1611 2212 1862 2284 τυγχάνει

199 2295 404 2360 παντὸς
423 2291 489 2351 ὂν
508 2301 721 2366 μάλλον
740 2293 914 2350 καλὸν
934 2292 995 2350 τὸ
1015 2295 1310 2366 χρήσιμον;

338 2383 438 2433 ΙΠ.
488 2374 703 2448 Ὀρθῶς
721 2382 937 2449 μέντοι,
960 2371 1006 2432 ὦ
1020 2377 1329 2447 Σώκρατες,

338 2463 462 2513 ΣΩ.
506 2457 732 2514 Οὐκοῦν
747 2456 808 2514 τὸ
833 2458 1075 2515 δυνατὸν
1093 2461 1326 2515 ἕκαστον
1344 2456 1766 2529 ἀπεργάζεσθαι,
1790 2460 1864 2522 εἰς

197 2536 333 2609 ὅπερ
369 2541 637 2612 δυνατόν,
675 2546 749 2606 εἰς
775 2547 939 2597 τοῦτο
969 2543 1057 2597 καὶ
1087 2539 1382 2613 χρήσιμον,
1421 2536 1482 2595 τὸ
1506 2539 1563 2595 δὲ
1583 2535 1861 2593 ἀδύνατον

197 2618 502 2692 ἅχρηστονς

339 2707 438 2759 ΙΠ.
474 2702 639 2757 Πάνυ
661 2725 739 2773 γε.

341 2789 463 2841 ΣΩ.
504 2784 760 2855 Δύναμις
778 2784 879 2855 μὲν
896 2785 1004 2855 ἄρα
1023 2785 1213 2857 καλόν,
1234 2781 1509 2854 ἀδυναμία
1530 2780 1589 2838 δὲ
1608 2781 1863 2853 αἰσχρόν;
