1962 3112
253 64 358 117 252
400 31 424 36 ““
869 61 1342 112 ΠΛΑΤΩΝοΣ
1872 70 1928 115 54

202 201 233 243 Β
264 206 375 254 τῶν
406 195 621 253 αὐτῶν·
670 197 814 266 λε’γει
847 196 904 252 δὲ
934 194 970 250 ὁὶ
990 196 1061 250 σύ
1092 202 1200 250 νῦν
1220 195 1546 267 θαυμάζεις,
1584 201 1849 266 παρῆσθα
1869 196 1926 252 δὲ

259 282 350 337 καὶ
370 279 536 345 αὐτὸς
555 282 883 352 λεγομένοις.
922 275 958 348 ἦ
977 272 1083 333 οὖν
1105 281 1320 348 ἐκείνην
1338 279 1632 347 ἐξέλεγξον,
1648 276 1783 347 ὅπερ
1805 277 1926 347 ἄρτι

259 367 452 433 ἔλεγον
466 405 479 429 ,
514 360 585 425 ὠς
604 359 672 416 οὐ
692 360 751 415 τὸ
775 358 987 415 άδικεῖν
1007 360 1117 415 ἐστὶ
1137 360 1226 414 καὶ
1246 357 1548 434 ἀδικοῦντα
1569 362 1728 430 δίκην
1745 358 1816 430 μὴ
1840 362 1926 414 δι·-

261 444 423 499 δόναι
453 442 718 498 ἁπάντων
749 447 975 512 ἔσχατον
1004 448 1218 496 κακῶν·
1268 436 1304 511 ἦ
1335 445 1383 495 εἰ
1400 446 1563 495 τοῦτο
1596 441 1774 506 ἐάσεις
1793 439 1925 496 άνέ-

260 533 517 597 λεγκτον,
549 527 622 595 μα
645 524 743 580 τὸν
761 525 907 579 κύνα
927 523 1026 578 τὸν
1044 528 1366 593 Αἰγυπτίων
1386 523 1553 591 θεόν,
1585 521 1656 578 οὔ
1683 539 1768 578 σοι
1787 521 1923 594 ὁμο-

258 608 480 678 λογήσει
499 613 836 677 Καλλικλῆς,
879 600 919 660 ὦ
947 611 1293 675 Καλλίκλεις,
1332 603 1469 660 ἄλλα
1502 605 1840 677 διαφωνήσει
1863 608 1923 661 ἐν

257 689 460 745 ἅπαντι
475 695 550 763 τῷ
572 694 689 763 βίῳ.
748 694 925 743 καίτοι
947 692 1114 757 ἔγωγε
1136 685 1311 757 οἶμαι,
1354 709 1395 742 ω
1420 690 1688 758 βέλτιστε,
1711 688 1801 742 καὶ
1822 687 1923 758 τὴν

258 772 436 840 λύραν
464 793 555 841 μοι
585 781 832 840 κρεῖττον
864 768 1002 824 εἶναι
1030 767 1397 839 άναρμοστεῖν
1417 791 1474 824 τε
1494 770 1581 824 καὶ
1603 773 1920 839 διαφωνεῖν,

195 862 225 904 C
258 856 348 909 καὶ
365 853 572 926 χορὸν
555 855 596 907 ὠ
618 859 928 924 χορηγοίην,
950 854 1038 906 καὶ
1056 858 1342 916 πλείστους
1353 850 1693 950 ἀνθρώπους
1701 850 1772 921 μὴ
1789 849 1922 922 ὁμο-

258 941 443 1004 λογεῖν
474 957 567 1005 μοι
603 932 714 990 ἀλλ’
748 938 966 990 ἐναντία
999 935 1177 1004 λέγειν
1214 940 1428 1003 μᾶλλον
1456 929 1493 1005 ἦ
1524 935 1621 989 ἕνα
1661 932 1795 989 ὄντα
1831 934 1922 1006 ε’με

256 1019 475 1089 ἐμαυτῷ
490 1016 836 1087 ἀσύμφωνον
856 1014 994 1070 εἶναι
1012 1018 1101 1070 καὶ
1123 1017 1342 1070 ἐναντία
1362 1020 1555 1085 λέγειν.
1878 1053 1880 1055 >

397 1104 670 1155 XXXVIII,
746 1103 914 1152 KAA.
974 1092 1041 1152 Ὦ
1076 1097 1397 1166 Σώκρατες,
1438 1101 1614 1161 δοκεῖς
1634 1100 1918 1154 νεανιεύε-

256 1189 390 1235 σθαι
417 1182 476 1235 ἐν
508 1192 617 1244 τοῖς
645 1180 830 1250 λόγοις
862 1177 933 1244 ὡς
963 1177 1188 1248 άληθῶς
1210 1177 1518 1248 δημηγόρος
1547 1177 1650 1234 ὤν’
1701 1181 1791 1236 καὶ
1811 1187 1915 1235 νῦν

259 1270 428 1318 ταῦτα
450 1266 775 1334 δημηγορεῖς
791 1259 995 1316 ταύτὸν
1017 1260 1299 1324 παθόντος
1318 1261 1522 1316 Πώλου
1541 1261 1752 1330 πάθος,
1783 1261 1918 1331 ὅπερ

255 1350 496 1415 Γοργίου
511 1344 802 1415 κατηγόρει
821 1342 958 1413 πρὸς
978 1342 1035 1398 σὲ
1056 1351 1273 1397 παθεῖν.
1314 1346 1418 1412 ἔφη
1433 1342 1540 1412 γάρ
1558 1362 1666 1397 που
1678 1349 1920 1413 Γοργίαν

255 1425 612 1496 ἐρωτώμενον
641 1423 750 1480 ὑπὸ
785 1431 915 1494 σοῦ,
954 1422 1051 1478 ἐὰν
1080 1421 1342 1494 άφίκηται
1360 1421 1483 1491 παρ’
1505 1420 1678 1477 αὐτὸν
1704 1423 1777 1495 μὴ
1801 1428 1919 1480 ἐπι-

255 1506 521 1577 στάμενος
548 1506 614 1562 τὰ
638 1511 820 1562 δίκαια
851 1504 879 1562 ὁ
899 1503 1001 1576 τὴν
1028 1504 1322 1576 ῥητορικὴν
1338 1506 1678 1576 βουλόμενος
1696 1515 1917 1577 μαθεῖν,

187 1594 220 1634 D
257 1595 306 1645 εἰ
326 1590 529 1654 διδάξει
550 1587 723 1644 αὐτὸν
742 1586 770 1644 ὁ
791 1593 1052 1657 Γοργίας,
1093 1592 1463 1658 αἰσχυνθῆναι
1488 1585 1660 1641 αὐτὸν
1689 1590 1779 1644 καὶ
1807 1590 1919 1659 φά-

256 1694 348 1727 ναι
369 1671 608 1737 διδάξειν
640 1673 728 1726 διόι
749 1670 808 1728 τὸ
832 1677 962 1736 ἔθος
983 1678 1095 1726 τῶν
1116 1669 1464 1741 ἀνθρώπων,
1487 1670 1570 1726 ὅτι
1589 1669 1918 1741 ἀγανακτοῖ-

255 1775 316 1808 εν
334 1750 406 1808 ὄίν
426 1762 482 1808 εἴ
492 1777 571 1817 τις
590 1753 662 1823 μὴ
679 1759 838 1824 φαίη·
881 1751 968 1808 διὰ
984 1752 1049 1823 δὴ
1071 1754 1278 1823 ταύτην
1298 1753 1400 1823 τὴν
1421 1750 1722 1823 ὁμολογίαν
1742 1753 1916 1824 άναγ-

254 1841 535 1905 κασθῆναι
571 1837 790 1890 ἐναντία
828 1833 1001 1889 αὐτὸν
1020 1832 1168 1907 αὐτῷ
1191 1840 1387 1904 εἰπεῖν,
1428 1835 1487 1890 σὲ
1518 1835 1576 1889 δὲ
1594 1834 1726 1891 αὐτὸ
1752 1845 1914 1893 τοῦτο

251 1915 487 1987 ἀγαπᾷν.
526 1923 620 1972 καί
634 1934 738 1972 σου
755 1921 1032 1987 κατεγέλα,
1059 1915 1130 1980 ὥς
1149 1920 1215 1986 γε’
1229 1939 1321 1987 μοι
1341 1920 1539 1985 δοκεῖν,
1561 1915 1747 1985 ὀρθῶς
1767 1919 1887 1974 τότε
1904 1942 1914 1952 ·

254 2005 362 2053 νῦν
383 1998 440 2053 δὲ
458 1997 624 2053 πάλιν
644 1997 812 2063 αὐτὸς
831 1996 1037 2054 ταύτὸν
1057 2005 1218 2053 τοῦτο
1240 2003 1414 2053 ἔπαθε
1428 2040 1442 2066 ,
1482 2000 1571 2053 καὶ
1600 2004 1770 2069 ἔγωγε
1802 1999 1915 2056 κατ’

253 2078 386 2134 αὐτὸ
418 2087 582 2134 τοῦτο
610 2078 717 2145 tjy’vx
744 2079 948 2151 ἄγαμαι
975 2087 1207 2150 Πῶλον,
1248 2079 1330 2135 ὅτι
1356 2098 1441 2136 σοι
1473 2082 1822 2154 συνεχώρησε
1851 2082 1912 2139 τὸ

188 2169 218 2208 Ε
251 2161 463 2219 ἀδικεῖν
491 2173 703 2235 αἴσχιον
732 2164 870 2221 εἶναι
899 2173 1000 2221 τοῦ
1031 2164 1365 2222 ἀδικεῖσθαι·
1401 2169 1459 2222 ἐκ
1487 2167 1687 2238 ταύτης
1716 2167 1821 2239 γάρ
1842 2163 1915 2224 αὖ
1960 2239 1962 2242 ¹

251 2251 345 2315 τῆς
376 2243 666 2316 ὁμολογίας
697 2245 865 2311 αὐτὸς
897 2245 1004 2302 ὑπὸ
1036 2255 1141 2302 σοῦ
1168 2251 1565 2318 συμποδισθεὶς
1598 2253 1658 2304 ἐν
1685 2262 1797 2314 τοῖς
1817 2251 1914 2306 λό-

249 2347 366 2394 γοις
385 2328 780 2399 ἐπεστομίσθη,
821 2326 1173 2399 αἰσχυνθεὶς
1155 2353 1188 2384 α
1211 2331 1355 2387 ἐνόει
1377 2331 1690 2386 εἰπεῖν.σύ
1709 2353 1815 2402 γαρ
1835 2355 1911 2387 τω

251 2405 399 2478 ὄντι,
440 2431 479 2463 ω
504 2409 821 2510 Σωκρατες,
861 2417 935 2476 εἰς
954 2419 1182 2467 τοιαῦτα
1199 2412 1347 2482 α’γεις
1369 2412 1602 2512 φορτικοὶ
1626 2417 1715 2468 καὶ
1738 2418 1908 2485 δημη-
1956 2408 1962 2488 ξ’

246 2491 469 2560 γορικά,
493 2492 728 2561 φάσκων
746 2517 848 2564 την
869 2493 1139 2566 ἀλήθειαν
1160 2497 1406 2566 διώκειν,
1445 2493 1478 2550 ἃ
1500 2496 1665 2565 φύσει
1685 2519 1785 2566 μεν
1806 2496 1909 2552 οὐκ

245 2575 358 2627 ἔστι
376 2574 544 2641 καλά,
568 2575 721 2648 νόμῳ
744 2533 817 2631 δέ.
859 2573 930 2641 ὥς
949 2576 1013 2633 τὰ
1036 2576 1210 2633 πολλοὶ
1234 2578 1291 2633 δὲ
1311 2585 1481 2633 ταῦτα
1502 2580 1719 2633 ἐναντιά
1740 2578 1908 2650 άλλή-

245 2661 362 2718 λοις
380 2656 555 2724 ἐστίν,
593 2654 628 2726 ἥ
648 2679 704 2711 τε
726 2658 891 2727 φύσις
910 2661 1000 2715 καὶ
1021 2657 1049 2714 ὁ
1073 2660 1240 2730 νόμος
1255 2683 1266 2693 ·
1304 2660 1400 2716 ἐὰν
1421 2653 1525 2715 οὖν
1545 2684 1622 2725 τις
1642 2663 1905 2734 αἰσχύνη·

131 2739 215 2783 483
249 2757 334 2790 ται
354 2737 443 2790 καὶ
468 2735 542 2808 μὴ
562 2745 736 2813 τολμᾷ
765 2742 945 2810 λέγειν
964 2741 1103 2808 ἅπερ
1126 2755 1264 2814 νοεῖ,
1302 2741 1656 2813 ἀναγκάζεται
1688 2747 1902 2801 ἐναντία
