<?xml version="1.0" encoding="UTF-8"?>
<!DOCTYPE html PUBLIC "-//W3C//DTD XHTML 1.0 Transitional//EN"
    "http://www.w3.org/TR/xhtml1/DTD/xhtml1-transitional.dtd">
<html xmlns="http://www.w3.org/1999/xhtml" xml:lang="en" lang="en">
 <head>
  <title>
</title>
<meta http-equiv="Content-Type" content="text/html;charset=utf-8" />
  <meta name='ocr-system' content='tesseract 3.04.00' />
  <meta name='ocr-capabilities' content='ocr_page ocr_carea ocr_par ocr_line ocrx_word'/>
</head>
<body>
  <div class='ocr_page' id='page_1' title='image "./dialogisecumdumt03platuoft_0053.png"; bbox 0 0 1994 3100; ppageno 0'>
   <div class='ocr_carea' id='block_1_1' title="bbox 0 0 96 3100">
    <p class='ocr_par' dir='ltr' id='par_1_1' title="bbox 0 0 96 3100">
     <span class='ocr_line' id='line_1_1' title="bbox 0 0 96 3100; baseline 0 0"><span class='ocrx_word' id='word_1_1' title='bbox 0 0 96 3100; x_wconf 95' lang='lat' dir='ltr'><strong><em> </em></strong></span> 
     </span>
    </p>
   </div>
   <div class='ocr_carea' id='block_1_2' title="bbox 750 104 1811 156">
    <p class='ocr_par' dir='ltr' id='par_1_2' title="bbox 750 104 1811 156">
     <span class='ocr_line' id='line_1_2' title="bbox 750 104 1811 156; baseline 0.002 -2"><span class='ocrx_word' id='word_1_2' title='bbox 750 107 1208 155; x_wconf 81' lang='grc' dir='ltr'><em>ΧΑΡΜΙΔΗΣ.</em></span> <span class='ocrx_word' id='word_1_3' title='bbox 1750 104 1811 156; x_wconf 80' lang='lat'><strong><em>[9</em></strong></span> 
     </span>
    </p>
   </div>
   <div class='ocr_carea' id='block_1_3' title="bbox 132 233 1931 2916">
    <p class='ocr_par' dir='ltr' id='par_1_3' title="bbox 132 233 1931 2916">
     <span class='ocr_line' id='line_1_3' title="bbox 133 233 1811 313; baseline -0.002 -15"><span class='ocrx_word' id='word_1_4' title='bbox 133 241 237 313; x_wconf 80' lang='grc' dir='ltr'><strong><em>γὰρ</em></strong></span> <span class='ocrx_word' id='word_1_5' title='bbox 260 249 316 298; x_wconf 75' lang='grc' dir='ltr'><strong><em>εἴ</em></strong></span> <span class='ocrx_word' id='word_1_6' title='bbox 327 259 415 298; x_wconf 85' lang='grc' dir='ltr'><strong><em>σοι</em></strong></span> <span class='ocrx_word' id='word_1_7' title='bbox 435 245 592 298; x_wconf 82' lang='grc' dir='ltr'><strong><em>δοκεῖ</em></strong></span> <span class='ocrx_word' id='word_1_8' title='bbox 613 239 739 307; x_wconf 81' lang='grc' dir='ltr'><em>ὄψις</em></span> <span class='ocrx_word' id='word_1_9' title='bbox 766 262 844 305; x_wconf 89' lang='grc' dir='ltr'><strong><em>τις</em></strong></span> <span class='ocrx_word' id='word_1_10' title='bbox 881 238 1047 309; x_wconf 81' lang='grc' dir='ltr'><strong><em>εἶναι,</em></strong></span> <span class='ocrx_word' id='word_1_11' title='bbox 1064 236 1118 311; x_wconf 83' lang='grc' dir='ltr'><strong><em>ἢ</em></strong></span> <span class='ocrx_word' id='word_1_12' title='bbox 1150 233 1231 294; x_wconf 72' lang='grc' dir='ltr'><strong><em>ὦν</em></strong></span> <span class='ocrx_word' id='word_1_13' title='bbox 1254 241 1357 310; x_wconf 79' lang='grc' dir='ltr'><strong><em>μὲν</em></strong></span> <span class='ocrx_word' id='word_1_14' title='bbox 1387 242 1446 295; x_wconf 80' lang='grc' dir='ltr'><strong><em>αἱ</em></strong></span> <span class='ocrx_word' id='word_1_15' title='bbox 1472 239 1633 295; x_wconf 77' lang='grc' dir='ltr'><em>ἄλλαι</em></span> <span class='ocrx_word' id='word_1_16' title='bbox 1658 237 1811 305; x_wconf 82' lang='grc' dir='ltr'><em>ὄψεις</em></span> 
     </span>
     <span class='ocr_line' id='line_1_4' title="bbox 134 319 1809 394; baseline -0.003 -14"><span class='ocrx_word' id='word_1_17' title='bbox 134 329 300 394; x_wconf 80' lang='grc' dir='ltr'><strong><em>εἰσίν,</em></strong></span> <span class='ocrx_word' id='word_1_18' title='bbox 341 320 445 379; x_wconf 85' lang='grc' dir='ltr'><strong><em>ούκ</em></strong></span> <span class='ocrx_word' id='word_1_19' title='bbox 474 326 587 379; x_wconf 81' lang='grc' dir='ltr'><strong><em>ἔστι</em></strong></span> <span class='ocrx_word' id='word_1_20' title='bbox 615 321 832 378; x_wconf 88' lang='grc' dir='ltr'><strong><em>τούτων</em></strong></span> <span class='ocrx_word' id='word_1_21' title='bbox 865 319 1015 391; x_wconf 86' lang='grc' dir='ltr'><em>ὄψις,</em></span> <span class='ocrx_word' id='word_1_22' title='bbox 1055 323 1251 393; x_wconf 80' lang='grc' dir='ltr'><em>ἑαυτῆς</em></span> <span class='ocrx_word' id='word_1_23' title='bbox 1283 319 1341 377; x_wconf 74' lang='grc' dir='ltr'><strong><em>δὲ</em></strong></span> <span class='ocrx_word' id='word_1_24' title='bbox 1369 322 1459 378; x_wconf 88' lang='grc' dir='ltr'><strong><em>καὶ</em></strong></span> <span class='ocrx_word' id='word_1_25' title='bbox 1489 327 1600 377; x_wconf 77' lang='grc' dir='ltr'><strong><em>τῶν</em></strong></span> <span class='ocrx_word' id='word_1_26' title='bbox 1625 319 1809 376; x_wconf 79' lang='grc' dir='ltr'><em>ἄλλων</em></span> 
     </span>
     <span class='ocr_line' id='line_1_5' title="bbox 133 401 1878 475; baseline -0.001 -14"><span class='ocrx_word' id='word_1_27' title='bbox 133 403 320 471; x_wconf 83' lang='grc' dir='ltr'><strong><em>ὄψεων</em></strong></span> <span class='ocrx_word' id='word_1_28' title='bbox 338 403 462 470; x_wconf 86' lang='grc' dir='ltr'><em>ὄψις</em></span> <span class='ocrx_word' id='word_1_29' title='bbox 480 406 619 472; x_wconf 79' lang='grc' dir='ltr'><strong><em>ἐστι’,</em></strong></span> <span class='ocrx_word' id='word_1_30' title='bbox 659 405 750 459; x_wconf 86' lang='grc' dir='ltr'><strong><em>καὶ</em></strong></span> <span class='ocrx_word' id='word_1_31' title='bbox 770 402 843 475; x_wconf 84' lang='grc' dir='ltr'><strong><em>μὴ</em></strong></span> <span class='ocrx_word' id='word_1_32' title='bbox 865 401 1051 468; x_wconf 83' lang='grc' dir='ltr'><strong><em>ὄψεων</em></strong></span> <span class='ocrx_word' id='word_1_33' title='bbox 1070 401 1358 474; x_wconf 80' lang='grc' dir='ltr'><strong><em>ὡσαύτως,</em></strong></span> <span class='ocrx_word' id='word_1_34' title='bbox 1385 405 1475 459; x_wconf 85' lang='grc' dir='ltr'><strong><em>καὶ</em></strong></span> <span class='ocrx_word' id='word_1_35' title='bbox 1499 409 1688 474; x_wconf 76' lang='grc' dir='ltr'><strong><em>χρῶμα</em></strong></span> <span class='ocrx_word' id='word_1_36' title='bbox 1708 404 1810 471; x_wconf 78' lang='grc' dir='ltr'><strong><em>μὲν</em></strong></span> <span class='ocrx_word' id='word_1_37' title='bbox 1843 420 1878 460; x_wconf 92' lang='lat' dir='ltr'>D</span> 
     </span>
     <span class='ocr_line' id='line_1_6' title="bbox 132 480 1808 560; baseline -0.001 -18"><span class='ocrx_word' id='word_1_38' title='bbox 132 485 240 560; x_wconf 76' lang='grc' dir='ltr'><strong><em>ὁρᾷ</em></strong></span> <span class='ocrx_word' id='word_1_39' title='bbox 274 483 442 542; x_wconf 72' lang='grc' dir='ltr'><strong><em>οὐδὲν</em></strong></span> <span class='ocrx_word' id='word_1_40' title='bbox 478 485 602 554; x_wconf 80' lang='grc' dir='ltr'><em>ὄψις</em></span> <span class='ocrx_word' id='word_1_41' title='bbox 637 480 808 555; x_wconf 82' lang='grc' dir='ltr'><strong><em>οὖσα,</em></strong></span> <span class='ocrx_word' id='word_1_42' title='bbox 855 483 1032 557; x_wconf 77' lang='grc' dir='ltr'><strong><em>αὐτὴν</em></strong></span> <span class='ocrx_word' id='word_1_43' title='bbox 1070 486 1129 541; x_wconf 77' lang='grc' dir='ltr'><strong><em>δὲ</em></strong></span> <span class='ocrx_word' id='word_1_44' title='bbox 1164 487 1256 542; x_wconf 89' lang='grc' dir='ltr'><strong><em>καὶ</em></strong></span> <span class='ocrx_word' id='word_1_45' title='bbox 1291 485 1386 551; x_wconf 78' lang='grc' dir='ltr'><strong><em>τὰς</em></strong></span> <span class='ocrx_word' id='word_1_46' title='bbox 1423 483 1592 550; x_wconf 77' lang='grc' dir='ltr'><em>ἄλλας</em></span> <span class='ocrx_word' id='word_1_47' title='bbox 1630 483 1808 551; x_wconf 80' lang='grc' dir='ltr'><em>ὄψεις·</em></span> 
     </span>
     <span class='ocr_line' id='line_1_7' title="bbox 134 564 1813 638; baseline -0.003 -14"><span class='ocrx_word' id='word_1_48' title='bbox 134 572 291 624; x_wconf 79' lang='grc' dir='ltr'><strong><em>δοκεῖ</em></strong></span> <span class='ocrx_word' id='word_1_49' title='bbox 310 576 388 633; x_wconf 89' lang='grc' dir='ltr'><strong><em>τίς</em></strong></span> <span class='ocrx_word' id='word_1_50' title='bbox 417 585 505 623; x_wconf 90' lang='grc' dir='ltr'><strong><em>σοι</em></strong></span> <span class='ocrx_word' id='word_1_51' title='bbox 535 566 673 623; x_wconf 83' lang='grc' dir='ltr'><strong><em>εἶναι</em></strong></span> <span class='ocrx_word' id='word_1_52' title='bbox 702 567 956 638; x_wconf 85' lang='grc' dir='ltr'><strong><em>τοιαύτη;</em></strong></span> <span class='ocrx_word' id='word_1_53' title='bbox 995 565 1095 622; x_wconf 83' lang='grc' dir='ltr'><strong><em>Μὰ</em></strong></span> <span class='ocrx_word' id='word_1_54' title='bbox 1127 564 1218 622; x_wconf 84' lang='grc' dir='ltr'><strong><em>Δί’</em></strong></span> <span class='ocrx_word' id='word_1_55' title='bbox 1256 564 1358 621; x_wconf 83' lang='grc' dir='ltr'><strong><em>οὐκ</em></strong></span> <span class='ocrx_word' id='word_1_56' title='bbox 1390 570 1583 637; x_wconf 76' lang='grc' dir='ltr'><em>ἔμοιγε.</em></span> <span class='ocrx_word' id='word_1_57' title='bbox 1659 569 1727 620; x_wconf 89' lang='grc' dir='ltr'><strong><em>Τί</em></strong></span> <span class='ocrx_word' id='word_1_58' title='bbox 1753 564 1813 620; x_wconf 76' lang='grc' dir='ltr'><strong><em>δὲ</em></strong></span> 
     </span>
     <span class='ocr_line' id='line_1_8' title="bbox 134 646 1813 722; baseline -0.004 -16"><span class='ocrx_word' id='word_1_59' title='bbox 134 649 336 722; x_wconf 79' lang='grc' dir='ltr'><strong><em>ἀκοήν,</em></strong></span> <span class='ocrx_word' id='word_1_60' title='bbox 372 648 617 721; x_wconf 84' lang='grc' dir='ltr'><em>ἢφωνῆς</em></span> <span class='ocrx_word' id='word_1_61' title='bbox 645 649 747 719; x_wconf 77' lang='grc' dir='ltr'><strong><em>μὲν</em></strong></span> <span class='ocrx_word' id='word_1_62' title='bbox 766 647 1026 719; x_wconf 79' lang='grc' dir='ltr'><em>οὐδεμιᾶς</em></span> <span class='ocrx_word' id='word_1_63' title='bbox 1056 646 1276 718; x_wconf 73' lang='grc' dir='ltr'><strong><em>ἀκούει,</em></strong></span> <span class='ocrx_word' id='word_1_64' title='bbox 1315 646 1483 718; x_wconf 80' lang='grc' dir='ltr'><strong><em>αὐτῆς</em></strong></span> <span class='ocrx_word' id='word_1_65' title='bbox 1515 647 1680 702; x_wconf 78' lang='grc' dir='ltr'><strong><em>δὲκαὶ</em></strong></span> <span class='ocrx_word' id='word_1_66' title='bbox 1700 651 1813 701; x_wconf 75' lang='grc' dir='ltr'><strong><em>τῶν</em></strong></span> 
     </span>
     <span class='ocr_line' id='line_1_9' title="bbox 133 725 1811 801; baseline -0.003 -13"><span class='ocrx_word' id='word_1_67' title='bbox 133 732 321 788; x_wconf 87' lang='grc' dir='ltr'><em>αλλων</em></span> <span class='ocrx_word' id='word_1_68' title='bbox 356 731 542 788; x_wconf 81' lang='grc' dir='ltr'><em>ἀκοῶν</em></span> <span class='ocrx_word' id='word_1_69' title='bbox 578 730 770 787; x_wconf 75' lang='grc' dir='ltr'><strong><em>ἀκούει</em></strong></span> <span class='ocrx_word' id='word_1_70' title='bbox 806 733 897 787; x_wconf 87' lang='grc' dir='ltr'><strong><em>καὶ</em></strong></span> <span class='ocrx_word' id='word_1_71' title='bbox 932 753 1046 786; x_wconf 87' lang='grc' dir='ltr'><strong><em>των</em></strong></span> <span class='ocrx_word' id='word_1_72' title='bbox 1082 728 1154 801; x_wconf 88' lang='grc' dir='ltr'><strong><em>μὴ</em></strong></span> <span class='ocrx_word' id='word_1_73' title='bbox 1192 728 1408 796; x_wconf 79' lang='grc' dir='ltr'><strong><em>ἀκοων;</em></strong></span> <span class='ocrx_word' id='word_1_74' title='bbox 1448 725 1594 784; x_wconf 79' lang='grc' dir='ltr'><em>Οὐδὲ</em></span> <span class='ocrx_word' id='word_1_75' title='bbox 1630 734 1811 783; x_wconf 90' lang='grc' dir='ltr'><strong><em>τοῦτο.</em></strong></span> 
     </span>
     <span class='ocr_line' id='line_1_10' title="bbox 133 810 1814 887; baseline -0.005 -16"><span class='ocrx_word' id='word_1_76' title='bbox 133 815 468 887; x_wconf 77' lang='grc' dir='ltr'><strong><em>Συλλήβὸην</em></strong></span> <span class='ocrx_word' id='word_1_77' title='bbox 500 814 565 885; x_wconf 79' lang='grc' dir='ltr'><strong><em>δὴ</em></strong></span> <span class='ocrx_word' id='word_1_78' title='bbox 588 815 783 870; x_wconf 84' lang='grc' dir='ltr'><strong><em>σκόπει</em></strong></span> <span class='ocrx_word' id='word_1_79' title='bbox 802 816 926 883; x_wconf 85' lang='grc' dir='ltr'><strong><em>περὶ</em></strong></span> <span class='ocrx_word' id='word_1_80' title='bbox 946 819 1140 869; x_wconf 82' lang='grc' dir='ltr'><strong><em>πασῶν</em></strong></span> <span class='ocrx_word' id='word_1_81' title='bbox 1159 818 1270 867; x_wconf 79' lang='grc' dir='ltr'><strong><em>τῶν</em></strong></span> <span class='ocrx_word' id='word_1_82' title='bbox 1289 810 1635 881; x_wconf 84' lang='grc' dir='ltr'><strong><em>αἰσθήσεων,</em></strong></span> <span class='ocrx_word' id='word_1_83' title='bbox 1669 817 1723 865; x_wconf 77' lang='grc' dir='ltr'><strong><em>εἴ</em></strong></span> <span class='ocrx_word' id='word_1_84' title='bbox 1736 814 1814 874; x_wconf 87' lang='grc' dir='ltr'><strong><em>τίς</em></strong></span> 
     </span>
     <span class='ocr_line' id='line_1_11' title="bbox 133 892 1814 968; baseline -0.005 -16"><span class='ocrx_word' id='word_1_85' title='bbox 133 915 221 953; x_wconf 88' lang='grc' dir='ltr'><strong><em>σοι</em></strong></span> <span class='ocrx_word' id='word_1_86' title='bbox 251 902 408 954; x_wconf 77' lang='grc' dir='ltr'><strong><em>δοκεῖ</em></strong></span> <span class='ocrx_word' id='word_1_87' title='bbox 438 895 578 953; x_wconf 80' lang='grc' dir='ltr'><strong><em>εἶναι</em></strong></span> <span class='ocrx_word' id='word_1_88' title='bbox 606 896 926 968; x_wconf 81' lang='grc' dir='ltr'><strong><em>αἰσθήσεων</em></strong></span> <span class='ocrx_word' id='word_1_89' title='bbox 954 896 1056 967; x_wconf 72' lang='grc' dir='ltr'><strong><em>μὲν</em></strong></span> <span class='ocrx_word' id='word_1_90' title='bbox 1086 902 1342 965; x_wconf 72' lang='grc' dir='ltr'><strong><em>αἴσθησις</em></strong></span> <span class='ocrx_word' id='word_1_91' title='bbox 1362 892 1499 948; x_wconf 87' lang='grc' dir='ltr'><strong><em>καὶ</em></strong></span> <span class='ocrx_word' id='word_1_92' title='bbox 1472 896 1695 962; x_wconf 87' lang='grc' dir='ltr'><strong><em>εαυτῆς,</em></strong></span> <span class='ocrx_word' id='word_1_93' title='bbox 1734 911 1814 944; x_wconf 85' lang='grc' dir='ltr'><strong><em>ων</em></strong></span> 
     </span>
     <span class='ocr_line' id='line_1_12' title="bbox 135 972 1813 1050; baseline -0.005 -16"><span class='ocrx_word' id='word_1_94' title='bbox 135 981 193 1036; x_wconf 76' lang='grc' dir='ltr'><strong><em>δὲ</em></strong></span> <span class='ocrx_word' id='word_1_95' title='bbox 215 978 280 1050; x_wconf 80' lang='grc' dir='ltr'><strong><em>δὴ</em></strong></span> <span class='ocrx_word' id='word_1_96' title='bbox 314 982 375 1034; x_wconf 87' lang='grc' dir='ltr'><strong><em>αί</em></strong></span> <span class='ocrx_word' id='word_1_97' title='bbox 398 978 559 1034; x_wconf 78' lang='grc' dir='ltr'><em>ἄλλαι</em></span> <span class='ocrx_word' id='word_1_98' title='bbox 588 980 875 1050; x_wconf 75' lang='grc' dir='ltr'><strong><em>αἰσθήσεις</em></strong></span> <span class='ocrx_word' id='word_1_99' title='bbox 906 977 1300 1047; x_wconf 78' lang='grc' dir='ltr'><strong><em>αἰσθάνονται,</em></strong></span> <span class='ocrx_word' id='word_1_100' title='bbox 1339 972 1575 1046; x_wconf 80' lang='grc' dir='ltr'><strong><em>μηδενὸς</em></strong></span> <span class='ocrx_word' id='word_1_101' title='bbox 1610 977 1813 1028; x_wconf 83' lang='grc' dir='ltr'><strong><em>αἰσθα-</em></strong></span> 
     </span>
     <span class='ocr_line' id='line_1_13' title="bbox 138 1053 1875 1132; baseline -0.003 -15"><span class='ocrx_word' id='word_1_102' title='bbox 138 1066 372 1132; x_wconf 69' lang='grc' dir='ltr'><strong><em>νομένης</em></strong></span> <span class='ocrx_word' id='word_1_103' title='bbox 410 1059 528 1116; x_wconf 84' lang='grc' dir='ltr'><strong><em>Οὐκ</em></strong></span> <span class='ocrx_word' id='word_1_104' title='bbox 548 1066 745 1132; x_wconf 81' lang='grc' dir='ltr'><em>ἔμοιγε.</em></span> <span class='ocrx_word' id='word_1_105' title='bbox 815 1058 958 1115; x_wconf 89' lang='grc' dir='ltr'><em>”Αλλ</em></span> <span class='ocrx_word' id='word_1_106' title='bbox 985 1063 1253 1129; x_wconf 73' lang='grc' dir='ltr'><strong><em>ἐπιθυμία</em></strong></span> <span class='ocrx_word' id='word_1_107' title='bbox 1283 1061 1437 1112; x_wconf 81' lang='grc' dir='ltr'><strong><em>δοκεῖ</em></strong></span> <span class='ocrx_word' id='word_1_108' title='bbox 1450 1061 1528 1121; x_wconf 87' lang='grc' dir='ltr'><strong><em>τίς</em></strong></span> <span class='ocrx_word' id='word_1_109' title='bbox 1549 1073 1635 1110; x_wconf 91' lang='grc' dir='ltr'><strong><em>σοι</em></strong></span> <span class='ocrx_word' id='word_1_110' title='bbox 1656 1053 1812 1126; x_wconf 84' lang='grc' dir='ltr'><strong><em>εἶναι,</em></strong></span> <span class='ocrx_word' id='word_1_111' title='bbox 1841 1070 1875 1111; x_wconf 82' lang='lat' dir='ltr'>E</span> 
     </span>
     <span class='ocr_line' id='line_1_14' title="bbox 137 1135 1816 1213; baseline -0.004 -15"><span class='ocrx_word' id='word_1_112' title='bbox 137 1141 248 1213; x_wconf 80' lang='grc' dir='ltr'><em>ἥτις</em></span> <span class='ocrx_word' id='word_1_113' title='bbox 285 1139 490 1213; x_wconf 80' lang='grc' dir='ltr'><em>ἡδονῆς</em></span> <span class='ocrx_word' id='word_1_114' title='bbox 523 1145 624 1213; x_wconf 80' lang='grc' dir='ltr'><strong><em>μὲν</em></strong></span> <span class='ocrx_word' id='word_1_115' title='bbox 654 1140 915 1212; x_wconf 82' lang='grc' dir='ltr'><em>οὐδεμιᾶς</em></span> <span class='ocrx_word' id='word_1_116' title='bbox 941 1142 1089 1197; x_wconf 82' lang='grc' dir='ltr'><strong><em>ἐστὶν</em></strong></span> <span class='ocrx_word' id='word_1_117' title='bbox 1117 1143 1412 1210; x_wconf 82' lang='grc' dir='ltr'><strong><em>ἐπιθυμία,</em></strong></span> <span class='ocrx_word' id='word_1_118' title='bbox 1452 1135 1623 1209; x_wconf 80' lang='grc' dir='ltr'><strong><em>αὐτῆς</em></strong></span> <span class='ocrx_word' id='word_1_119' title='bbox 1648 1137 1816 1192; x_wconf 75' lang='grc' dir='ltr'><strong><em>δὲκαὶ</em></strong></span> 
     </span>
     <span class='ocr_line' id='line_1_15' title="bbox 137 1219 1813 1295; baseline -0.002 -15"><span class='ocrx_word' id='word_1_120' title='bbox 137 1231 246 1281; x_wconf 76' lang='grc' dir='ltr'><strong><em>τῶν</em></strong></span> <span class='ocrx_word' id='word_1_121' title='bbox 281 1224 466 1280; x_wconf 84' lang='grc' dir='ltr'><em>αλλων</em></span> <span class='ocrx_word' id='word_1_122' title='bbox 501 1227 841 1295; x_wconf 79' lang='grc' dir='ltr'><strong><em>ἐπιθυμιῶν;</em></strong></span> <span class='ocrx_word' id='word_1_123' title='bbox 885 1221 971 1279; x_wconf 87' lang='grc' dir='ltr'><strong><em>Ού</em></strong></span> <span class='ocrx_word' id='word_1_124' title='bbox 1006 1227 1156 1295; x_wconf 77' lang='grc' dir='ltr'><strong><em>δῆτα.</em></strong></span> <span class='ocrx_word' id='word_1_125' title='bbox 1228 1219 1375 1279; x_wconf 82' lang='grc' dir='ltr'><em>Οὐδε</em></span> <span class='ocrx_word' id='word_1_126' title='bbox 1403 1219 1515 1293; x_wconf 85' lang='grc' dir='ltr'><strong><em>μὴν</em></strong></span> <span class='ocrx_word' id='word_1_127' title='bbox 1533 1220 1813 1293; x_wconf 88' lang='grc' dir='ltr'><strong><em>βούλησις,</em></strong></span> 
     </span>
     <span class='ocr_line' id='line_1_16' title="bbox 137 1300 1816 1381; baseline -0.002 -19"><span class='ocrx_word' id='word_1_128' title='bbox 137 1305 210 1372; x_wconf 79' lang='grc' dir='ltr'><em>ὡς</em></span> <span class='ocrx_word' id='word_1_129' title='bbox 232 1300 464 1381; x_wconf 75' lang='grc' dir='ltr'><strong><em>ἐγῷμαι,</em></strong></span> <span class='ocrx_word' id='word_1_130' title='bbox 504 1303 540 1377; x_wconf 79' lang='grc' dir='ltr'><strong><em>ἢ</em></strong></span> <span class='ocrx_word' id='word_1_131' title='bbox 559 1303 779 1376; x_wconf 73' lang='grc' dir='ltr'><strong><em>ἀγαθὸν</em></strong></span> <span class='ocrx_word' id='word_1_132' title='bbox 806 1305 909 1378; x_wconf 80' lang='grc' dir='ltr'><strong><em>μὲν</em></strong></span> <span class='ocrx_word' id='word_1_133' title='bbox 939 1303 1105 1361; x_wconf 79' lang='grc' dir='ltr'><strong><em>οὐὸεν</em></strong></span> <span class='ocrx_word' id='word_1_134' title='bbox 1126 1305 1410 1377; x_wconf 90' lang='grc' dir='ltr'><strong><em>βούλεται,</em></strong></span> <span class='ocrx_word' id='word_1_135' title='bbox 1450 1301 1627 1375; x_wconf 82' lang='grc' dir='ltr'><strong><em>αὐτὴν</em></strong></span> <span class='ocrx_word' id='word_1_136' title='bbox 1646 1304 1704 1359; x_wconf 73' lang='grc' dir='ltr'><strong><em>δὲ</em></strong></span> <span class='ocrx_word' id='word_1_137' title='bbox 1723 1304 1816 1359; x_wconf 82' lang='grc' dir='ltr'><strong><em>καὶ</em></strong></span> 
     </span>
     <span class='ocr_line' id='line_1_17' title="bbox 136 1380 1814 1460; baseline -0.002 -17"><span class='ocrx_word' id='word_1_138' title='bbox 136 1387 229 1453; x_wconf 81' lang='grc' dir='ltr'><strong><em>τὰς</em></strong></span> <span class='ocrx_word' id='word_1_139' title='bbox 265 1387 433 1452; x_wconf 77' lang='grc' dir='ltr'><em>ἄλλας</em></span> <span class='ocrx_word' id='word_1_140' title='bbox 467 1389 759 1460; x_wconf 80' lang='grc' dir='ltr'><strong><em>βουλήσεις</em></strong></span> <span class='ocrx_word' id='word_1_141' title='bbox 794 1387 1067 1459; x_wconf 84' lang='grc' dir='ltr'><strong><em>βούλεται.</em></strong></span> <span class='ocrx_word' id='word_1_142' title='bbox 1149 1385 1233 1443; x_wconf 85' lang='grc' dir='ltr'><strong><em>Οὐ</em></strong></span> <span class='ocrx_word' id='word_1_143' title='bbox 1268 1385 1374 1457; x_wconf 75' lang='grc' dir='ltr'><strong><em>γὰρ</em></strong></span> <span class='ocrx_word' id='word_1_144' title='bbox 1424 1380 1543 1441; x_wconf 82' lang='grc' dir='ltr'><strong><em>οὖν.</em></strong></span> <span class='ocrx_word' id='word_1_145' title='bbox 1605 1384 1814 1455; x_wconf 83' lang='grc' dir='ltr'><strong><em>Ἔρωτα</em></strong></span> 
     </span>
     <span class='ocr_line' id='line_1_18' title="bbox 137 1464 1815 1541; baseline -0.002 -15"><span class='ocrx_word' id='word_1_146' title='bbox 137 1471 195 1526; x_wconf 74' lang='grc' dir='ltr'><strong><em>δὲ</em></strong></span> <span class='ocrx_word' id='word_1_147' title='bbox 231 1475 397 1540; x_wconf 84' lang='grc' dir='ltr'><em>φαίης</em></span> <span class='ocrx_word' id='word_1_148' title='bbox 431 1492 502 1524; x_wconf 91' lang='grc' dir='ltr'><strong><em>αν</em></strong></span> <span class='ocrx_word' id='word_1_149' title='bbox 531 1492 653 1526; x_wconf 90' lang='grc' dir='ltr'><strong><em>τινα</em></strong></span> <span class='ocrx_word' id='word_1_150' title='bbox 691 1469 831 1526; x_wconf 83' lang='grc' dir='ltr'><strong><em>εἶναι</em></strong></span> <span class='ocrx_word' id='word_1_151' title='bbox 866 1477 1149 1541; x_wconf 86' lang='grc' dir='ltr'><strong><em>τοιοῦτον,</em></strong></span> <span class='ocrx_word' id='word_1_152' title='bbox 1188 1467 1247 1535; x_wconf 75' lang='grc' dir='ltr'><em>ὃς</em></span> <span class='ocrx_word' id='word_1_153' title='bbox 1276 1489 1533 1540; x_wconf 79' lang='grc' dir='ltr'><strong><em>τυγχανει</em></strong></span> <span class='ocrx_word' id='word_1_154' title='bbox 1564 1464 1644 1524; x_wconf 79' lang='grc' dir='ltr'><strong><em>ὠν</em></strong></span> <span class='ocrx_word' id='word_1_155' title='bbox 1679 1472 1815 1536; x_wconf 82' lang='grc' dir='ltr'><em>ἔρως</em></span> 
     </span>
     <span class='ocr_line' id='line_1_19' title="bbox 136 1549 1813 1623; baseline -0.002 -16"><span class='ocrx_word' id='word_1_156' title='bbox 136 1558 312 1607; x_wconf 88' lang='grc' dir='ltr'><strong><em>καλοῦ</em></strong></span> <span class='ocrx_word' id='word_1_157' title='bbox 347 1551 449 1623; x_wconf 71' lang='grc' dir='ltr'><strong><em>μὲν</em></strong></span> <span class='ocrx_word' id='word_1_158' title='bbox 486 1549 744 1622; x_wconf 77' lang='grc' dir='ltr'><strong><em>οὐδενός,</em></strong></span> <span class='ocrx_word' id='word_1_159' title='bbox 783 1549 959 1606; x_wconf 86' lang='grc' dir='ltr'><strong><em>αὑτοῦ</em></strong></span> <span class='ocrx_word' id='word_1_160' title='bbox 999 1551 1058 1607; x_wconf 79' lang='grc' dir='ltr'><strong><em>δε</em></strong></span> <span class='ocrx_word' id='word_1_161' title='bbox 1095 1554 1184 1606; x_wconf 88' lang='grc' dir='ltr'><strong><em>καὶ</em></strong></span> <span class='ocrx_word' id='word_1_162' title='bbox 1211 1558 1325 1606; x_wconf 76' lang='grc' dir='ltr'><strong><em>τῶν</em></strong></span> <span class='ocrx_word' id='word_1_163' title='bbox 1355 1550 1542 1606; x_wconf 77' lang='grc' dir='ltr'><em>ἄλλων</em></span> <span class='ocrx_word' id='word_1_164' title='bbox 1561 1549 1813 1621; x_wconf 77' lang='grc' dir='ltr'><strong><em>ἐρώτων;</em></strong></span> 
     </span>
     <span class='ocr_line' id='line_1_20' title="bbox 140 1628 1817 1706; baseline -0.001 -17"><span class='ocrx_word' id='word_1_165' title='bbox 140 1633 280 1704; x_wconf 80' lang='grc' dir='ltr'><strong><em>Οὔκ,</em></strong></span> <span class='ocrx_word' id='word_1_166' title='bbox 302 1637 435 1704; x_wconf 80' lang='grc' dir='ltr'><strong><em>ἔφη,</em></strong></span> <span class='ocrx_word' id='word_1_167' title='bbox 475 1638 658 1704; x_wconf 78' lang='grc' dir='ltr'><em>ἔγωγε.</em></span> <span class='ocrx_word' id='word_1_168' title='bbox 712 1634 904 1705; x_wconf 90' lang='grc' dir='ltr'><strong><em>Φόβον</em></strong></span> <span class='ocrx_word' id='word_1_169' title='bbox 924 1634 982 1690; x_wconf 74' lang='grc' dir='ltr'><strong><em>δὲ</em></strong></span> <span class='ocrx_word' id='word_1_170' title='bbox 1001 1633 1105 1706; x_wconf 81' lang='grc' dir='ltr'><strong><em>ἤδη</em></strong></span> <span class='ocrx_word' id='word_1_171' title='bbox 1125 1632 1245 1689; x_wconf 80' lang='grc' dir='ltr'><strong><em>τινὰ</em></strong></span> <span class='ocrx_word' id='word_1_172' title='bbox 1280 1632 1716 1705; x_wconf 82' lang='grc' dir='ltr'><strong><em>κατανενόηκας,</em></strong></span> <span class='ocrx_word' id='word_1_173' title='bbox 1756 1628 1817 1696; x_wconf 78' lang='grc' dir='ltr'><em>ὃς</em></span> 
     </span>
     <span class='ocr_line' id='line_1_21' title="bbox 138 1713 1931 1788; baseline 0.001 -17"><span class='ocrx_word' id='word_1_174' title='bbox 138 1713 339 1771; x_wconf 82' lang='grc' dir='ltr'><strong><em>ἑαυτὸν</em></strong></span> <span class='ocrx_word' id='word_1_175' title='bbox 366 1716 470 1785; x_wconf 78' lang='grc' dir='ltr'><strong><em>μὲν</em></strong></span> <span class='ocrx_word' id='word_1_176' title='bbox 498 1716 589 1771; x_wconf 82' lang='grc' dir='ltr'><strong><em>καὶ</em></strong></span> <span class='ocrx_word' id='word_1_177' title='bbox 621 1716 751 1781; x_wconf 82' lang='grc' dir='ltr'><em>τούς</em></span> <span class='ocrx_word' id='word_1_178' title='bbox 779 1716 982 1781; x_wconf 75' lang='grc' dir='ltr'><em>ἄλλους</em></span> <span class='ocrx_word' id='word_1_179' title='bbox 1003 1715 1218 1787; x_wconf 86' lang='grc' dir='ltr'><em>φόβους</em></span> <span class='ocrx_word' id='word_1_180' title='bbox 1237 1721 1514 1788; x_wconf 81' lang='grc' dir='ltr'><strong><em>φοβεῖται,</em></strong></span> <span class='ocrx_word' id='word_1_181' title='bbox 1552 1722 1665 1771; x_wconf 75' lang='grc' dir='ltr'><strong><em>τῶν</em></strong></span> <span class='ocrx_word' id='word_1_182' title='bbox 1701 1717 1811 1769; x_wconf 82' lang='grc' dir='ltr'><em>δει-</em></span> <span class='ocrx_word' id='word_1_183' title='bbox 1847 1726 1931 1772; x_wconf 88' lang='grc'><strong><em>168</em></strong></span> 
     </span>
     <span class='ocr_line' id='line_1_22' title="bbox 136 1795 1816 1871; baseline 0.001 -19"><span class='ocrx_word' id='word_1_184' title='bbox 136 1803 254 1853; x_wconf 81' lang='grc' dir='ltr'><strong><em>νῶν</em></strong></span> <span class='ocrx_word' id='word_1_185' title='bbox 273 1796 323 1852; x_wconf 82' lang='grc' dir='ltr'><strong><em>δ’</em></strong></span> <span class='ocrx_word' id='word_1_186' title='bbox 349 1795 479 1853; x_wconf 74' lang='grc' dir='ltr'><strong><em>οὐδὲ</em></strong></span> <span class='ocrx_word' id='word_1_187' title='bbox 498 1800 560 1853; x_wconf 79' lang='grc' dir='ltr'><strong><em>ἓν</em></strong></span> <span class='ocrx_word' id='word_1_188' title='bbox 579 1805 854 1870; x_wconf 85' lang='grc' dir='ltr'><strong><em>φοβεῖται;</em></strong></span> <span class='ocrx_word' id='word_1_189' title='bbox 894 1797 979 1854; x_wconf 82' lang='grc' dir='ltr'><strong><em>Οὐ</em></strong></span> <span class='ocrx_word' id='word_1_190' title='bbox 998 1798 1404 1871; x_wconf 80' lang='grc' dir='ltr'><strong><em>κατανενόηκα,</em></strong></span> <span class='ocrx_word' id='word_1_191' title='bbox 1434 1803 1554 1870; x_wconf 82' lang='grc' dir='ltr'><strong><em>ἔφη.</em></strong></span> <span class='ocrx_word' id='word_1_192' title='bbox 1626 1798 1816 1864; x_wconf 87' lang='grc' dir='ltr'><strong><em>Δόξαν</em></strong></span> 
     </span>
     <span class='ocr_line' id='line_1_23' title="bbox 139 1875 1816 1952; baseline 0.001 -17"><span class='ocrx_word' id='word_1_193' title='bbox 139 1881 197 1937; x_wconf 73' lang='grc' dir='ltr'><strong><em>δὲ</em></strong></span> <span class='ocrx_word' id='word_1_194' title='bbox 221 1883 398 1946; x_wconf 80' lang='grc' dir='ltr'><strong><em>δοξῶν</em></strong></span> <span class='ocrx_word' id='word_1_195' title='bbox 419 1878 590 1945; x_wconf 80' lang='grc' dir='ltr'><strong><em>δόξαν</em></strong></span> <span class='ocrx_word' id='word_1_196' title='bbox 608 1884 697 1936; x_wconf 86' lang='grc' dir='ltr'><strong><em>καὶ</em></strong></span> <span class='ocrx_word' id='word_1_197' title='bbox 718 1878 914 1952; x_wconf 81' lang='grc' dir='ltr'><strong><em>αὑτῆς,</em></strong></span> <span class='ocrx_word' id='word_1_198' title='bbox 957 1875 1003 1936; x_wconf 71' lang='grc' dir='ltr'><em>ὦ</em></span> <span class='ocrx_word' id='word_1_199' title='bbox 1007 1904 1038 1936; x_wconf 93' lang='grc' dir='ltr'><strong><em>ν</em></strong></span> <span class='ocrx_word' id='word_1_200' title='bbox 1069 1881 1126 1938; x_wconf 76' lang='grc' dir='ltr'><strong><em>δὲ</em></strong></span> <span class='ocrx_word' id='word_1_201' title='bbox 1146 1884 1208 1937; x_wconf 77' lang='grc' dir='ltr'><strong><em>αἰ</em></strong></span> <span class='ocrx_word' id='word_1_202' title='bbox 1222 1879 1383 1937; x_wconf 73' lang='grc' dir='ltr'><em>ἄλλαι</em></span> <span class='ocrx_word' id='word_1_203' title='bbox 1405 1881 1692 1948; x_wconf 78' lang='grc' dir='ltr'><em>δοξάζουσι</em></span> <span class='ocrx_word' id='word_1_204' title='bbox 1711 1903 1816 1952; x_wconf 87' lang='grc' dir='ltr'><strong><em>μη-</em></strong></span> 
     </span>
     <span class='ocr_line' id='line_1_24' title="bbox 139 1961 1814 2036; baseline 0 -18"><span class='ocrx_word' id='word_1_205' title='bbox 139 1961 234 2018; x_wconf 74' lang='grc' dir='ltr'><strong><em>ὀὲν</em></strong></span> <span class='ocrx_word' id='word_1_206' title='bbox 255 1961 621 2029; x_wconf 74' lang='grc' dir='ltr'><strong><em>δοξάζουσαν;</em></strong></span> <span class='ocrx_word' id='word_1_207' title='bbox 663 1961 950 2035; x_wconf 72' lang='grc' dir='ltr'><em>Οὐδαμῶς.</em></span> <span class='ocrx_word' id='word_1_208' title='bbox 1022 1961 1163 2020; x_wconf 80' lang='grc' dir='ltr'><em>Ἀλλ’</em></span> <span class='ocrx_word' id='word_1_209' title='bbox 1193 1964 1520 2036; x_wconf 84' lang='grc' dir='ltr'><strong><em>ἐπιστήμην,</em></strong></span> <span class='ocrx_word' id='word_1_210' title='bbox 1561 1961 1633 2029; x_wconf 82' lang='grc' dir='ltr'><em>ὡς</em></span> <span class='ocrx_word' id='word_1_211' title='bbox 1654 1968 1814 2030; x_wconf 87' lang='grc' dir='ltr'><strong><em>ἔοικε,</em></strong></span> 
     </span>
     <span class='ocr_line' id='line_1_25' title="bbox 137 2041 1818 2118; baseline 0.001 -20"><span class='ocrx_word' id='word_1_212' title='bbox 137 2043 320 2113; x_wconf 80' lang='grc' dir='ltr'><strong><em>φαμέν</em></strong></span> <span class='ocrx_word' id='word_1_213' title='bbox 341 2065 462 2097; x_wconf 87' lang='grc' dir='ltr'><strong><em>τινα</em></strong></span> <span class='ocrx_word' id='word_1_214' title='bbox 492 2041 630 2099; x_wconf 84' lang='grc' dir='ltr'><strong><em>εἶναι</em></strong></span> <span class='ocrx_word' id='word_1_215' title='bbox 658 2045 947 2116; x_wconf 84' lang='grc' dir='ltr'><strong><em>τοιαύτην,</em></strong></span> <span class='ocrx_word' id='word_1_216' title='bbox 986 2043 1104 2116; x_wconf 85' lang='grc' dir='ltr'><em>ἥτις</em></span> <span class='ocrx_word' id='word_1_217' title='bbox 1121 2046 1448 2117; x_wconf 84' lang='grc' dir='ltr'><strong><em>μαθήματος</em></strong></span> <span class='ocrx_word' id='word_1_218' title='bbox 1467 2050 1568 2118; x_wconf 83' lang='grc' dir='ltr'><strong><em>μὲν</em></strong></span> <span class='ocrx_word' id='word_1_219' title='bbox 1587 2044 1818 2110; x_wconf 81' lang='grc' dir='ltr'><strong><em>οὐδενός</em></strong></span> 
     </span>
     <span class='ocr_line' id='line_1_26' title="bbox 137 2125 1808 2201; baseline 0 -18"><span class='ocrx_word' id='word_1_220' title='bbox 137 2129 284 2183; x_wconf 79' lang='grc' dir='ltr'><strong><em>ἐστιν</em></strong></span> <span class='ocrx_word' id='word_1_221' title='bbox 304 2126 567 2199; x_wconf 81' lang='grc' dir='ltr'><strong><em>ἐπιστήμη</em></strong></span> <span class='ocrx_word' id='word_1_222' title='bbox 582 2169 596 2197; x_wconf 96' lang='grc'><strong><em>,</em></strong></span> <span class='ocrx_word' id='word_1_223' title='bbox 636 2125 807 2199; x_wconf 86' lang='grc' dir='ltr'><strong><em>αὑτῆς</em></strong></span> <span class='ocrx_word' id='word_1_224' title='bbox 837 2130 895 2185; x_wconf 74' lang='grc' dir='ltr'><strong><em>δὲ</em></strong></span> <span class='ocrx_word' id='word_1_225' title='bbox 915 2129 1138 2184; x_wconf 77' lang='grc' dir='ltr'><strong><em>καὶτῶν</em></strong></span> <span class='ocrx_word' id='word_1_226' title='bbox 1158 2127 1343 2183; x_wconf 72' lang='grc' dir='ltr'><em>ἄλλων</em></span> <span class='ocrx_word' id='word_1_227' title='bbox 1362 2131 1676 2201; x_wconf 74' lang='grc' dir='ltr'><strong><em>ἐπιστημῶν</em></strong></span> <span class='ocrx_word' id='word_1_228' title='bbox 1694 2131 1808 2185; x_wconf 83' lang='grc' dir='ltr'><strong><em>ἐπι-</em></strong></span> 
     </span>
     <span class='ocr_line' id='line_1_27' title="bbox 140 2207 1814 2282; baseline 0.002 -19"><span class='ocrx_word' id='word_1_229' title='bbox 140 2207 343 2279; x_wconf 72' lang='grc' dir='ltr'><strong><em>στήμης</em></strong></span> <span class='ocrx_word' id='word_1_230' title='bbox 382 2208 572 2280; x_wconf 77' lang='grc' dir='ltr'><strong><em>Φαμὲν</em></strong></span> <span class='ocrx_word' id='word_1_231' title='bbox 606 2209 729 2280; x_wconf 77' lang='grc' dir='ltr'><strong><em>γάρ.</em></strong></span> <span class='ocrx_word' id='word_1_232' title='bbox 810 2207 1039 2266; x_wconf 83' lang='grc' dir='ltr'><strong><em>Οὐκοῦν</em></strong></span> <span class='ocrx_word' id='word_1_233' title='bbox 1074 2209 1308 2280; x_wconf 79' lang='grc' dir='ltr'><strong><em>ἄτοπον,</em></strong></span> <span class='ocrx_word' id='word_1_234' title='bbox 1348 2215 1398 2266; x_wconf 86' lang='grc' dir='ltr'><strong><em>εἰ</em></strong></span> <span class='ocrx_word' id='word_1_235' title='bbox 1422 2210 1530 2282; x_wconf 76' lang='grc' dir='ltr'><strong><em>ἄρα</em></strong></span> <span class='ocrx_word' id='word_1_236' title='bbox 1556 2212 1649 2267; x_wconf 86' lang='grc' dir='ltr'><strong><em>καὶ</em></strong></span> <span class='ocrx_word' id='word_1_237' title='bbox 1678 2215 1814 2275; x_wconf 73' lang='grc' dir='ltr'><strong><em>ἔστις</em></strong></span> 
     </span>
     <span class='ocr_line' id='line_1_28' title="bbox 137 2289 1814 2363; baseline 0.003 -18"><span class='ocrx_word' id='word_1_238' title='bbox 137 2289 309 2361; x_wconf 73' lang='grc' dir='ltr'><strong><em>μηδὲν</em></strong></span> <span class='ocrx_word' id='word_1_239' title='bbox 333 2290 439 2358; x_wconf 77' lang='grc' dir='ltr'><strong><em>γάρ</em></strong></span> <span class='ocrx_word' id='word_1_240' title='bbox 461 2311 546 2345; x_wconf 86' lang='grc' dir='ltr'><strong><em>πω</em></strong></span> <span class='ocrx_word' id='word_1_241' title='bbox 568 2291 1029 2363; x_wconf 64' lang='grc' dir='ltr'><strong><em>διισχυριζόμεθα</em></strong></span> <span class='ocrx_word' id='word_1_242' title='bbox 1050 2291 1121 2357; x_wconf 83' lang='grc' dir='ltr'><em>ὡς</em></span> <span class='ocrx_word' id='word_1_243' title='bbox 1140 2290 1244 2347; x_wconf 81' lang='grc' dir='ltr'><strong><em>οὐκ</em></strong></span> <span class='ocrx_word' id='word_1_244' title='bbox 1268 2297 1433 2361; x_wconf 76' lang='grc' dir='ltr'><strong><em>ἔστιν,</em></strong></span> <span class='ocrx_word' id='word_1_245' title='bbox 1455 2291 1573 2350; x_wconf 77' lang='grc' dir='ltr'><em>ἀλλ’</em></span> <span class='ocrx_word' id='word_1_246' title='bbox 1601 2299 1650 2350; x_wconf 83' lang='grc' dir='ltr'><strong><em>εἰ</em></strong></span> <span class='ocrx_word' id='word_1_247' title='bbox 1666 2298 1814 2350; x_wconf 80' lang='grc' dir='ltr'><strong><em>ἔστιν</em></strong></span> 
     </span>
     <span class='ocr_line' id='line_1_29' title="bbox 135 2372 1876 2445; baseline -0.002 -15"><span class='ocrx_word' id='word_1_248' title='bbox 135 2377 212 2430; x_wconf 71' lang='grc' dir='ltr'><strong><em>ἔτι</em></strong></span> <span class='ocrx_word' id='word_1_249' title='bbox 233 2378 541 2443; x_wconf 76' lang='grc' dir='ltr'><strong><em>σκοπῶμεν.</em></strong></span> <span class='ocrx_word' id='word_1_250' title='bbox 602 2372 813 2443; x_wconf 77' lang='grc' dir='ltr'><em>Ὀρθῶς</em></span> <span class='ocrx_word' id='word_1_251' title='bbox 832 2377 1016 2445; x_wconf 81' lang='grc' dir='ltr'><em>λέγεις.</em></span> <span class='ocrx_word' id='word_1_252' title='bbox 1845 2387 1876 2427; x_wconf 86' lang='grc' dir='ltr'><strong>Β</strong></span> 
     </span>
     <span class='ocr_line' id='line_1_30' title="bbox 281 2456 1813 2531; baseline 0.005 -22"><span class='ocrx_word' id='word_1_253' title='bbox 281 2459 411 2510; x_wconf 75' lang='lat' dir='ltr'>XVI.</span> <span class='ocrx_word' id='word_1_254' title='bbox 487 2458 626 2523; x_wconf 81' lang='grc' dir='ltr'><em>Φέρε</em></span> <span class='ocrx_word' id='word_1_255' title='bbox 648 2456 740 2525; x_wconf 77' lang='grc' dir='ltr'><strong><em>δή·</em></strong></span> <span class='ocrx_word' id='word_1_256' title='bbox 776 2460 888 2511; x_wconf 78' lang='grc' dir='ltr'><strong><em>ἔστι</em></strong></span> <span class='ocrx_word' id='word_1_257' title='bbox 906 2459 1007 2527; x_wconf 73' lang='grc' dir='ltr'><strong><em>μὲν</em></strong></span> <span class='ocrx_word' id='word_1_258' title='bbox 1026 2456 1164 2528; x_wconf 84' lang='grc' dir='ltr'><strong><em>αὕτη</em></strong></span> <span class='ocrx_word' id='word_1_259' title='bbox 1184 2456 1218 2529; x_wconf 84' lang='grc' dir='ltr'><em>ἡ</em></span> <span class='ocrx_word' id='word_1_260' title='bbox 1239 2459 1506 2531; x_wconf 82' lang='grc' dir='ltr'><strong><em>ἐπιστήμη</em></strong></span> <span class='ocrx_word' id='word_1_261' title='bbox 1527 2459 1676 2524; x_wconf 82' lang='grc' dir='ltr'><strong><em>τινὸς</em></strong></span> <span class='ocrx_word' id='word_1_262' title='bbox 1696 2462 1813 2515; x_wconf 80' lang='grc' dir='ltr'><strong><em>ἑπι-</em></strong></span> 
     </span>
     <span class='ocr_line' id='line_1_31' title="bbox 138 2540 1812 2615; baseline 0.004 -21"><span class='ocrx_word' id='word_1_263' title='bbox 138 2540 343 2611; x_wconf 86' lang='grc' dir='ltr'><strong><em>στήμη,</em></strong></span> <span class='ocrx_word' id='word_1_264' title='bbox 375 2541 465 2595; x_wconf 82' lang='grc' dir='ltr'><strong><em>καὶ</em></strong></span> <span class='ocrx_word' id='word_1_265' title='bbox 495 2543 601 2610; x_wconf 83' lang='grc' dir='ltr'><em>ἔχει</em></span> <span class='ocrx_word' id='word_1_266' title='bbox 628 2540 750 2596; x_wconf 78' lang='grc' dir='ltr'><strong><em>τινα</em></strong></span> <span class='ocrx_word' id='word_1_267' title='bbox 779 2542 1040 2614; x_wconf 86' lang='grc' dir='ltr'><strong><em>τοιαύτην</em></strong></span> <span class='ocrx_word' id='word_1_268' title='bbox 1061 2542 1300 2615; x_wconf 81' lang='grc' dir='ltr'><strong><em>δύναμιν</em></strong></span> <span class='ocrx_word' id='word_1_269' title='bbox 1318 2543 1456 2601; x_wconf 73' lang='grc' dir='ltr'><strong><em>ὥστε</em></strong></span> <span class='ocrx_word' id='word_1_270' title='bbox 1476 2546 1627 2612; x_wconf 84' lang='grc' dir='ltr'><strong><em>τινὸς</em></strong></span> <span class='ocrx_word' id='word_1_271' title='bbox 1646 2545 1785 2603; x_wconf 86' lang='grc' dir='ltr'><strong><em>εἶναι</em></strong></span> <span class='ocrx_word' id='word_1_272' title='bbox 1801 2567 1812 2578; x_wconf 88' lang='grc'><em>·</em></span> 
     </span>
     <span class='ocr_line' id='line_1_32' title="bbox 139 2615 1815 2701; baseline 0.007 -26"><span class='ocrx_word' id='word_1_273' title='bbox 139 2615 173 2692; x_wconf 82' lang='grc' dir='ltr'><em>ἧ</em></span> <span class='ocrx_word' id='word_1_274' title='bbox 210 2621 344 2691; x_wconf 80' lang='grc' dir='ltr'><strong><em>γᾰρ;</em></strong></span> <span class='ocrx_word' id='word_1_275' title='bbox 376 2621 542 2677; x_wconf 78' lang='grc' dir='ltr'><strong><em>Πάνυ</em></strong></span> <span class='ocrx_word' id='word_1_276' title='bbox 579 2644 654 2693; x_wconf 82' lang='grc' dir='ltr'><strong><em>γε.</em></strong></span> <span class='ocrx_word' id='word_1_277' title='bbox 730 2626 838 2680; x_wconf 85' lang='grc' dir='ltr'><strong><em>Καὶ</em></strong></span> <span class='ocrx_word' id='word_1_278' title='bbox 875 2622 982 2694; x_wconf 77' lang='grc' dir='ltr'><strong><em>γὰρ</em></strong></span> <span class='ocrx_word' id='word_1_279' title='bbox 1019 2626 1080 2681; x_wconf 90' lang='grc' dir='ltr'><strong>τό</strong></span> <span class='ocrx_word' id='word_1_280' title='bbox 1117 2627 1302 2697; x_wconf 75' lang='grc' dir='ltr'><strong><em>μεῖζόν</em></strong></span> <span class='ocrx_word' id='word_1_281' title='bbox 1339 2650 1523 2699; x_wconf 86' lang='grc' dir='ltr'><strong><em>φαμεν</em></strong></span> <span class='ocrx_word' id='word_1_282' title='bbox 1553 2629 1815 2701; x_wconf 87' lang='grc' dir='ltr'><strong><em>τοιαύτην</em></strong></span> 
     </span>
     <span class='ocr_line' id='line_1_33' title="bbox 139 2701 1811 2782; baseline 0.005 -25"><span class='ocrx_word' id='word_1_283' title='bbox 139 2701 260 2758; x_wconf 76' lang='grc' dir='ltr'><strong><em>τινὰ</em></strong></span> <span class='ocrx_word' id='word_1_284' title='bbox 289 2707 431 2774; x_wconf 81' lang='grc' dir='ltr'><strong><em>ἔχειν</em></strong></span> <span class='ocrx_word' id='word_1_285' title='bbox 463 2704 726 2776; x_wconf 78' lang='grc' dir='ltr'><strong><em>δύναμιν,</em></strong></span> <span class='ocrx_word' id='word_1_286' title='bbox 769 2705 906 2763; x_wconf 75' lang='grc' dir='ltr'><strong><em>ὥστε</em></strong></span> <span class='ocrx_word' id='word_1_287' title='bbox 938 2707 1086 2773; x_wconf 87' lang='grc' dir='ltr'><em>τινὸς</em></span> <span class='ocrx_word' id='word_1_288' title='bbox 1115 2707 1253 2765; x_wconf 82' lang='grc' dir='ltr'><strong><em>εἶναι</em></strong></span> <span class='ocrx_word' id='word_1_289' title='bbox 1284 2714 1496 2781; x_wconf 68' lang='grc' dir='ltr'><em>μείζους</em></span> <span class='ocrx_word' id='word_1_290' title='bbox 1515 2708 1659 2782; x_wconf 79' lang='grc' dir='ltr'><strong><em>”Εχει</em></strong></span> <span class='ocrx_word' id='word_1_291' title='bbox 1688 2712 1811 2782; x_wconf 78' lang='grc' dir='ltr'><em>γάρ.</em></span> 
     </span>
     <span class='ocr_line' id='line_1_34' title="bbox 142 2783 1814 2863; baseline 0.006 -24"><span class='ocrx_word' id='word_1_292' title='bbox 142 2783 370 2840; x_wconf 79' lang='grc' dir='ltr'><strong><em>Οὐκοῦν</em></strong></span> <span class='ocrx_word' id='word_1_293' title='bbox 388 2787 680 2854; x_wconf 80' lang='grc' dir='ltr'><strong><em>ἐλάττονός</em></strong></span> <span class='ocrx_word' id='word_1_294' title='bbox 714 2811 887 2859; x_wconf 85' lang='grc' dir='ltr'><strong><em>τινος,</em></strong></span> <span class='ocrx_word' id='word_1_295' title='bbox 927 2797 1077 2860; x_wconf 74' lang='grc' dir='ltr'><strong><em>εἴπερ</em></strong></span> <span class='ocrx_word' id='word_1_296' title='bbox 1116 2795 1265 2847; x_wconf 78' lang='grc' dir='ltr'><strong><em>ἔσται</em></strong></span> <span class='ocrx_word' id='word_1_297' title='bbox 1294 2796 1491 2862; x_wconf 79' lang='grc' dir='ltr'><strong><em>μεῖζον.</em></strong></span> <span class='ocrx_word' id='word_1_298' title='bbox 1558 2790 1814 2863; x_wconf 75' lang='grc' dir='ltr'><strong><em>Ἀνάγκη.</em></strong></span> 
     </span>
     <span class='ocr_line' id='line_1_35' title="bbox 1492 2871 1555 2916; baseline 0 -17"><span class='ocrx_word' id='word_1_299' title='bbox 1492 2871 1555 2916; x_wconf 63' lang='lat'><strong><em>2*</em></strong></span> 
     </span>
    </p>
   </div>
  </div>
 </body>
</html>
