1994 3100
199 136 266 188 36
433 211 436 212 γ
802 139 1280 189 ΠΛΑΤΩΝΟΣ

140 287 170 328 C
200 272 285 327 ἐπὶ
304 278 416 326 πᾶν
430 267 503 326 ἄν
521 271 581 326 τὸ
600 274 724 342 περὶ
743 269 837 335 τὰς
857 278 1180 342 στρατηγίας
1198 270 1454 345 ὁρμήσειε
1468 296 1479 307 ·
1517 279 1607 331 καὶ
1636 275 1743 348 ἤδη
1775 282 1868 348 δῆ-

200 360 301 408 λον
323 351 407 409 ὅτι
427 352 492 408 τά
511 353 727 408 τούτων
746 351 976 421 ἐχόμενα
995 354 1085 407 καὶ
1104 353 1404 424 μαθήματα
1436 357 1615 412 πάντα
1644 361 1736 414 καὶ
1755 362 1874 414 ἐπι-

199 435 512 506 τηδεύματα
543 434 759 506 [πάντα]
791 435 884 489 καὶ
915 432 1054 490 καλὰ
1084 437 1176 490 καὶ
1205 442 1414 491 πολλοῦ
1434 436 1557 503 ἄξια
1587 436 1748 511 ἀνδρὶ
1766 462 1873 511 μα·-

197 525 327 572 θεῖν
363 539 421 572 τε
460 519 551 573 καὶ
589 520 962 587 ἐπιτηδεῦσαι,
1002 509 1083 571 οἷν
1122 515 1478 589 καθηγήσαιτ’
1499 515 1570 573 ἂν
1607 526 1770 576 τοῦτο
1807 520 1869 577 τὸ

198 599 445 670 μάθημα.
496 598 893 670 προσθήσομεν
913 596 963 653 δ’
987 597 1140 673 αὐτῷ
1163 597 1233 654 οὐ
1262 599 1502 671 σμικρὰν
1521 602 1872 674 προσθήκην,

198 678 284 735 ὅτι
314 680 493 736 πάντα
514 679 693 753 ἄνδρα
713 683 774 736 ἐν
803 682 1021 754 πολέμῳ
1051 681 1142 735 καὶ
1172 679 1632 752 θαρραλεώτερον
1660 684 1751 738 καὶ
1771 682 1873 739 ἆν-

199 762 514 834 δρειότερον
544 759 615 819 div
642 762 922 834 ποιήσειεν
950 759 1124 819 αὐτὸν
1153 760 1329 817 αὑτοῦ
1350 760 1454 817 οὐκ
1485 761 1651 838 ὀλίγῳ
1682 763 1872 837 αὕτηὴ

197 845 481 916 ἐπιστήμη.
530 843 603 916 μὴ
625 843 976 915 α’τιμάσωμεν
995 844 1053 900 δὲ
1075 849 1271 915 εἰπεῖν,
1311 848 1361 900 εἰ
1378 851 1472 900 καί
1489 867 1563 919 τῳ
1585 848 1872 917 σμικρότε-

198 947 299 996 ρον
319 931 476 982 δοκεῖ
488 925 653 998 εἶναι,
677 924 763 983 ὅτι
786 927 877 983 καὶ
896 924 1394 997 εὐσχημονέστερον
1415 928 1662 983 ἐνταῦθα
1681 922 1751 984 οὗ
1768 929 1870 1001 χρὴ

136 1020 171 1061 D
198 1012 298 1066 τὸν
319 1009 497 1080 ἄνδρα
520 1008 1026 1081 εὐσχημονέστερον
1046 1013 1375 1079 φαίνεσθαι,
1416 1002 1487 1064 οὗ
1504 1009 1616 1081 ἅμα
1646 1012 1736 1067 καὶ
1760 1014 1872 1067 δει-

196 1091 423 1162 νότερος
459 1104 571 1157 τοῖς
612 1094 832 1162 ἐχθροῖς
872 1102 1124 1162 φανεῖται
1164 1089 1252 1146 διὰ
1290 1090 1394 1162 τὴν
1431 1088 1869 1163 εὐσχημοσύνην.

198 1176 312 1244 ἐμοὶ
334 1175 435 1244 μὲν
454 1167 589 1244 οὖν,
623 1167 668 1227 αἶ
686 1179 995 1245 Λυσίμαχε,
1027 1170 1210 1241 ὥσπερ
1232 1175 1399 1243 λέγω,
1433 1175 1584 1228 δοκεῖ
1600 1195 1658 1228 τε
1674 1179 1871 1245 χρῆναι
1896 1244 1899 1247 ‚

197 1255 479 1311 διδάσκειν
508 1254 639 1320 τοὺς
667 1261 995 1322 νεανίσκους
1012 1261 1186 1311 ταῦτα
1215 1256 1306 1310 καὶ
1330 1253 1392 1309 δι’
1418 1250 1453 1308 ὁὶ
1474 1258 1628 1309 δοκεῖ
1651 1263 1866 1326 εἴρηκα·

195 1338 443 1409 Λάχητος
478 1336 551 1407 δ’,
591 1345 646 1393 εἴ
674 1360 724 1393 τι
760 1337 907 1407 παρὰ
944 1344 1113 1393 ταῦτα
1151 1337 1318 1406 λέγει,
1356 1332 1464 1391 κάν
1502 1334 1668 1402 αὐτὸς
1697 1335 1871 1408 ἡδέως

195 1417 508 1490 ἀκούσαιμι.
1682 1471 1685 1475 .

335 1506 420 1558 VI.
493 1508 611 1559 AA.
668 1501 799 1559 Ἀλλ’
824 1508 933 1559 ἔστι
956 1506 1082 1574 μέν,
1123 1497 1167 1558 ὦ
1184 1508 1380 1572 Νικία,
1418 1500 1657 1573 χαλεπὸν
1687 1505 1868 1574 λέγειν

195 1583 319 1653 περὶ
338 1580 581 1639 ὁτουοῦν
599 1587 952 1657 μαθήματος,
995 1582 1067 1650 ὦς
1094 1584 1160 1640 οὐ
1190 1583 1290 1656 χρὴ
1315 1585 1648 1656 μανθάνειν·
1689 1583 1868 1640 πάντα

194 1663 302 1736 γὰρ
323 1667 651 1723 ἐπίστασθαι
670 1666 892 1738 ἀγαθὸν
913 1671 1070 1723 δοκεῖ
1085 1666 1239 1724 εἶναι.
1297 1669 1387 1723 καὶ
1414 1665 1480 1738 δὴ
1505 1669 1595 1722 καὶ
1625 1665 1686 1721 τὸ
1709 1664 1868 1722 ὁπλι-

135 1766 167 1806 Ε
195 1747 353 1803 τικὸν
370 1754 554 1817 τοῦτο,
570 1754 621 1805 εἰ
636 1753 739 1820 μέν
757 1754 869 1805 ἐστι
887 1749 1139 1820 μάθημα,
1154 1750 1290 1822 ὅπερ
1309 1752 1480 1821 φασὶν
1500 1752 1557 1805 oc
1572 1748 1867 1805 διδάσκον-

193 1851 305 1901 τες,
329 1831 421 1886 καὶ
440 1827 560 1886 οἷον
575 1836 774 1896 Νικίας
793 1834 952 1902 λέγει,
972 1831 1073 1902 χρὴ
1098 1830 1230 1888 αὐτὸ
1252 1832 1563 1902 μανθάνειν
1579 1853 1590 1863 ·
1613 1836 1663 1887 εἰ
1679 1829 1730 1886 δ’
1753 1836 1865 1886 ἔστι

193 1912 296 1982 μὲν
324 1911 397 1983 μὴ
431 1912 694 1984 μάθημα,
730 1912 841 1969 ἀλλ’
878 1916 1217 1978 ἐξαπατῶσιν
1253 1917 1308 1970 οἱ
1333 1911 1793 1984 ὑπισχνούμενοι,
1830 1909 1867 1984 ἦ

193 1993 427 2064 μάθημα
447 1996 549 2063 μὲν
570 1993 828 2065 τυγχάνει
848 1994 943 2065 ὅν,
974 1994 1046 2066 μὴ
1068 1997 1255 2067 μέντοι
1277 1994 1428 2051 πάνυ
1451 1999 1783 2064 σπουδαῖον,
1815 2000 1867 2049 τί

193 2076 284 2130 καὶ
306 2076 419 2130 δέοι
439 2072 511 2130 ἂν
531 2074 666 2132 αὐτὸ
684 2076 1028 2147 μανθάνειν;
1077 2078 1217 2147 λέγω
1244 2076 1303 2132 δὲ
1327 2083 1500 2132 ταῦτα
1530 2080 1654 2144 περὶ
1688 2074 1866 2131 αὐτοῦ

195 2164 271 2223 εἰς
290 2158 421 2214 τάδε
451 2157 792 2230 ἀποβλέψας,
832 2158 916 2215 ὅτι
936 2158 1084 2230 οἶμαι
1113 2157 1220 2229 ἐγώ
1254 2165 1446 2230 τοῦτο,
1486 2164 1536 2215 εἰ
1552 2161 1602 2214 τὶ
1621 2153 1721 2229 ἦν,
1762 2157 1864 2214 οὐκ

194 2236 266 2295 ἂν
303 2243 600 2311 λεληθέναι
619 2245 1116 2312 Λακεδαιμονίους,
1156 2236 1237 2304 οἷς
1274 2239 1440 2297 οὐδὲν
1469 2240 1603 2296 ἄλλο
1634 2243 1784 2312 μέλει
1805 2243 1863 2296 ἐν

193 2327 268 2393 τῷ
291 2327 391 2394 βίῳ
414 2321 452 2392 ἢ
469 2328 633 2377 τοῦτο
654 2327 828 2393 ζητεῖν
848 2324 939 2378 καὶ
959 2322 1329 2393 ἐπιτηδεύειν,
1362 2320 1396 2378 ὅ
1412 2345 1463 2378 τι
1495 2319 1566 2378 ἂν
1586 2322 1862 2393 μαθόντες

81 2422 165 2468 183
193 2405 285 2460 καὶ
308 2404 758 2475 ἐπιτηδεύσαντες
777 2411 1155 2460 πλεονεκτοῖεν
1168 2411 1281 2460 τῶν
1300 2403 1486 2461 ἄλλων
1498 2406 1620 2474 περὶ
1639 2403 1738 2459 τὸν
1757 2404 1862 2458 πό·-

192 2493 375 2556 λεμον.
438 2493 485 2542 εἰ
515 2482 567 2539 δ’
590 2487 832 2550 ἐκείνους
862 2486 1136 2557 ἐλελήθει,
1169 2485 1283 2543 ἀλλ’
1305 2485 1372 2542 ού
1393 2486 1624 2550 τούτους
1650 2507 1713 2555 γε
1731 2485 1862 2549 τούς

196 2567 564 2632 διδασκάλους
581 2566 757 2622 αὐτοῦ
777 2571 1012 2638 λέληθεν
1030 2566 1163 2623 αὐτὸ
1187 2574 1351 2623 τοῦτο
1365 2610 1380 2638 ,
1418 2567 1502 2623 ὅτι
1523 2569 1721 2622 ἐκεῖνοι
1749 2567 1858 2638 μά-

193 2657 349 2706 λιστα
369 2655 483 2704 τοῖν
502 2646 781 2719 Ἑλλήνων
810 2649 1215 2716 σπουδάζουσιν
1239 2652 1324 2706 ἐπὶ
1351 2661 1464 2714 τοῖς
1481 2647 1751 2713 τοιούτοις
1769 2650 1858 2703 καὶ

195 2730 280 2787 ὅτι
298 2727 418 2800 παρ’
443 2732 670 2795 ἐκείνοις
706 2729 777 2785 ἄν
795 2752 874 2794 τις
892 2733 1139 2801 τιμηθεὶς
1166 2736 1241 2796 εἰς
1258 2738 1429 2786 ταῦτα
1458 2733 1547 2786 καὶ
1578 2729 1723 2801 παρὰ
1745 2736 1858 2785 τῶν

195 2812 378 2868 ἄλλων
398 2810 596 2868 πλεῖστ’
617 2808 689 2868 ἂν
709 2813 982 2884 ἐργάζοιτο
1000 2813 1246 2884 χρήματα
1260 2855 1274 2882 ,
1318 2811 1502 2882 ὥσπερ
1521 2833 1583 2881 γε
1613 2815 1704 2867 καὶ
1724 2833 1856 2878 τρα-
