1962 3112
214 57 374 110 454
826 20 1307 112 ΠΛΑΤῼΝοΣ
1359 21 1366 78 5
1803 38 1885 115 *92
1923 21 1962 62 ¹·

215 191 254 247 ἅ
271 214 327 248 τε
347 191 534 248 αὐτῶν
550 191 766 263 ἥκουσα
799 196 1026 248 ἐκείνων
1046 196 1136 250 καὶ
1158 191 1245 250 οἶα
1271 202 1380 251 νῦν
1397 193 1570 266 ἡδέως
1588 193 1659 251 ἀν
1678 205 1884 252 εἴποιεν

215 273 349 345 ὑμῖν
380 276 642 345 λαβόντες
672 274 940 346 δύναμιν,
980 277 1406 347 τεκμαιρόμενος
1435 280 1488 342 ἐξ
1515 270 1598 332 οἷν
1624 278 1746 333 τότε
1766 283 1886 333 ἕλε-

213 379 330 427 γον.
401 356 539 412 ἀλλά
577 361 815 426 νομίζειν
849 354 952 426 χρὴ
988 355 1176 412 αὐτῶν
1212 356 1440 413 ἀκούειν
1477 360 1703 413 ἐκείνων
1739 355 1773 412 ὁὶ
1813 355 1884 413 ἀν

214 440 566 509 ἀπαγγέλλω
601 442 790 507 ἔλεγον
809 438 868 492 δε
891 437 1035 492 τάδε.

152 536 183 575 D
355 527 487 576 XIX.
557 513 620 575 Ὦ
639 524 851 590 παῖδες,
874 519 957 574 ότι
977 522 1079 590 μέν
1099 522 1218 575 ἐστε
1238 523 1490 590 πατέρων
1509 519 1759 591 ἀγαθῶν,
1781 520 1886 576 αὐ-

214 602 275 657 τὸ
298 603 497 674 μηνύει
515 601 575 657 τὸ
598 607 708 656 νῦν
727 602 934 671 παρόν
972 600 1104 672 ἡμῖν
1123 601 1181 656 δε
1201 602 1326 667 ἐξὸν
1346 608 1442 675 ζῇν
1460 601 1533 674 μὴ
1555 611 1736 669 καλως
1750 647 1764 674 ,
1785 626 1887 659 κα·-

217 692 323 749 λῶς
343 685 657 754 αἱρούμεθα
675 689 888 754 μᾶλλον
907 690 1170 756 τελευτᾷν
1185 727 1198 751 ,
1239 686 1370 752 πρὶν
1399 682 1540 756 ὑμᾶς
1562 708 1618 740 τε
1647 683 1887 750 καὶτοὺς

219 773 402 821 ἔπειτα
437 771 512 829 εἰς
549 763 733 835 ὀνείδη
772 771 1106 836 καταστῆσαι
1138 767 1230 820 καὶ
1265 768 1398 835 πρὶν
1423 764 1554 831 τοὺς
1591 765 1887 837 ἡμετέρους

218 851 454 914 πατέρας
472 848 562 902 καὶ
581 852 696 901 πᾶν
714 845 775 901 τό
798 847 1051 916 πρόσθεν
1074 849 1234 916 γένος
1265 852 1546 918 αἰσχῦναι,
1585 847 1883 919 ἡγούμενοι

218 936 296 1003 τῷ
315 925 445 991 τούς
467 925 642 982 αὑτοῦ
666 928 983 998 αἰσχύνοντι
1002 926 1242 999 ἀβίωτον
1262 928 1428 999 εἶναι,
1452 932 1542 985 καὶ
1560 937 1638 1003 τῷ
1657 929 1884 1002 τοιούτῳ

219 1009 347 1065 οὔτε
366 1011 488 1066 τινὰ
509 1008 829 1078 ἀνθρώπων
849 1010 978 1065 οὔτε
1006 1017 1160 1066 θεων
1192 1016 1358 1095 φίλον
1378 1011 1519 1066 εἶναι
1547 1009 1657 1067 ούτ’
1682 1014 1767 1066 ἐπὶ
1786 1017 1888 1082 γῆς

218 1089 345 1147 ούθ’
367 1089 478 1146 ὑπὸ
509 1098 608 1162 γῆς
637 1092 1038 1163 τελευτήσαντι.
1098 1092 1198 1162 χρὴ
1230 1096 1337 1147 οὐν
1362 1095 1744 1163 μεμνημένους
1772 1114 1886 1149 των

156 1186 190 1226 Ε
217 1174 497 1246 ἡμετέρων
528 1173 738 1244 λόγων,
775 1175 874 1229 ε’ἀν
902 1197 952 1228 τι
990 1175 1082 1229 καὶ
1121 1172 1255 1229 ἄλλο
1293 1174 1520 1244 ἀσκῆτε,
1559 1172 1749 1228 ἀσκεῖν
1776 1170 1884 1243 μετ’

218 1255 439 1327 ἀρετῆς,
470 1257 681 1321 εἰδότας
710 1255 794 1310 ὅτι
821 1255 1024 1311 τούτου
1054 1256 1349 1326 λειπόμενα
1369 1257 1548 1311 πάντα
1567 1257 1658 1311 καὶ
1676 1255 1887 1325 κτήμα-

216 1360 283 1392 τα
313 1339 403 1392 καὶ
431 1338 831 1408 ἐπιτηδεύματα
853 1336 1046 1409 αἰσχροὶ
1066 1338 1157 1392 καὶ
1176 1337 1336 1392 κακά.
1376 1335 1504 1392 οὔτε
1523 1335 1628 1406 γάρ
1650 1343 1878 1400 πλοῦτοςΙ

218 1419 420 1483 κάλλος
448 1423 603 1489 φέρει
637 1426 714 1492 τῷ
742 1420 1052 1493 κεκτημένῳ
1082 1417 1201 1489 μετ’
1232 1416 1552 1488 ἀνανδρίας·
1601 1418 1748 1489 ἄλλῳ
1779 1415 1881 1485 γάρ

219 1498 248 1555 ὁ
273 1506 522 1563 τοιοῦτος
542 1508 771 1555 πλουτεῖ
783 1502 872 1555 καὶ
893 1498 993 1569 οὐχ
1023 1501 1200 1572 ἐαυτῷ
1214 1521 1224 1531 ·
1263 1499 1390 1554 οὔτε
1419 1499 1667 1570 σώματος
1687 1499 1879 1561 κάλλος

216 1585 306 1638 καὶ
338 1581 492 1653 ἰσχὺς
524 1587 686 1654 δειλῷ
703 1585 793 1638 καὶ
823 1590 975 1655 κακῷ
997 1585 1362 1646 ξυνοικοῦντα
1392 1583 1670 1649 πρέποντα
1690 1586 1880 1649 φαίνε-

216 1687 304 1719 ται
339 1661 460 1719 ἀλλ’
493 1662 738 1735 ἀπρεπῆ,
788 1667 878 1719 καὶ
915 1667 1347 1734 ἐπιφανέστερον
1382 1673 1527 1717 ποιεῖ
1559 1660 1658 1716 τὸν
1695 1666 1881 1730 ἔχοντα

217 1747 308 1800 καὶ
327 1748 577 1815 ἐκφαίνει
598 1742 700 1814 τὴν
729 1749 961 1800 δειλίαν·
999 1745 1149 1800 πᾶσά
1169 1767 1226 1800 τε
1258 1745 1522 1814 ἐπιστήμη
1555 1744 1879 1814 χωριζομένη

105 1839 189 1884 247
221 1827 580 1896 δικαιοσύνης
602 1829 692 1880 καὶ
720 1834 814 1896 τῆς
834 1825 1001 1897 ἄλλης
1028 1825 1226 1898 ἀρετῆς
1253 1831 1591 1896 πανουργία,
1631 1822 1699 1877 οὐ
1719 1829 1879 1892 σοφίη

221 1916 488 1978 φαίνεται.
561 1903 642 1964 οἷν
677 1910 839 1964 ἕνεκα
879 1912 968 1965 καὶ
1004 1917 1225 1977 πρῶτον
1261 1912 1352 1965 καὶ
1391 1908 1633 1963 ὕστατον
1669 1910 1758 1962 καὶ
1795 1911 1881 1961 διά

219 1990 427 2057 παντὸς
447 1999 634 2047 πᾶσαν
653 1993 871 2058 πάντως
892 2001 1215 2064 προθυμίαν
1233 2001 1503 2061 πειρᾶσθε
1529 1998 1670 2062 ἔχειν
1683 2035 1696 2062 ,
1738 1991 1884 2055 ὅπως

218 2076 453 2144 μάλιστα
489 2074 590 2145 μὲν
626 2073 1031 2146 ὑπερβαλεῖσθε
1068 2078 1159 2131 καὶ
1195 2074 1335 2146 ἡμᾶς
1364 2073 1604 2138 καὶτοὺς
1632 2073 1883 2140 πρόσθεν

220 2155 465 2231 εὐκλείᾳ·
507 2162 557 2212 εἰ
585 2157 643 2213 δὲ
672 2158 775 2228 μή,
815 2166 927 2213 ἴστε
957 2156 1031 2222 ὡς
1058 2156 1215 2228 ἡμῖν,
1255 2153 1327 2212 ἀν
1356 2156 1458 2226 μὲν
1486 2160 1728 2224 νικῶμεν
1746 2150 1887 2222 ὑμᾶς

219 2238 414 2312 ἀρετῇ,
455 2237 488 2310 ἡ
519 2244 643 2311 νίκη
667 2240 937 2310 αἰσχύνην
957 2243 1138 2310 φέρει,
1180 2238 1214 2309 ἡ
1236 2240 1294 2295 δὲ
1321 2232 1484 2308 ἧττα,
1524 2237 1623 2291 ἐάν
1642 2234 1885 2305 ἡττώμε-

217 2330 322 2391 θα,
345 2321 720 2392 εύδαιμονίαν.
773 2323 1009 2391 μα’λιστα
1034 2320 1086 2376 δ’
1112 2319 1184 2378 ἂν
1212 2322 1500 2394 νικῴμεθα
1519 2319 1609 2373 καὶ
1629 2315 1781 2387 ὑμεῖς
1800 2339 1885 2370 νι-

218 2406 423 2478 κῴητε,
465 2410 515 2459 εἰ
543 2402 1070 2472 παρασκευάσαισθε
1098 2408 1163 2474 τη
1193 2409 1306 2460 τῶν
1336 2403 1630 2474 προγόνων
1662 2400 1791 2469 δόξῃ
1812 2397 1882 2467 μὴ

155 2493 186 2533 Β
217 2486 683 2557 καταχρησόμενοι
721 2484 847 2558 μηδ’
883 2485 1262 2550 ἀναλώσοντες
1298 2484 1499 2554 αύτήν,
1538 2482 1763 2552 γνόντες
1805 2480 1886 2534 ὅτι

218 2567 379 2636 ἀνδρὶ
412 2571 642 2643 οἰομένῳ
675 2571 724 2625 τὶ
753 2569 893 2624 εἶναι
922 2569 1026 2625 οὐκ
1056 2574 1204 2624 ἔστιν
1233 2576 1447 2637 αἴσχιον
1476 2565 1641 2621 οὐδὲν
1662 2561 1697 2634 ἦ
1717 2567 1887 2632 παρέ-

215 2671 332 2719 χειν
374 2650 574 2705 ἑαυτὸν
616 2651 926 2722 τιμώμενον
961 2651 1033 2722 μὴ
1087 2649 1149 2705 δι’
1184 2647 1381 2705 ἑαυτὸν
1419 2647 1556 2703 ἀλλὰ
1594 2645 1681 2701 διὰ
1721 2645 1886 2711 δόξαν

217 2731 527 2801 προγόνων.
581 2732 719 2788 εἶναι
749 2734 849 2803 μὲν
882 2733 989 2803 γάρ
1021 2732 1176 2803 τιμάς
1200 2733 1416 2802 γονέων
1443 2729 1689 2800 ἐκγόνοις
1719 2727 1887 2793 καλὸς
