1962 3112
11 0 788 33 w.‚vw,w1¹⁷³{Wffpr-wsseff-‚01tu-›js
810 0 957 29 ‘'F“‘''⁷
980 0 1075 25 ”nst-1
1107 0 1123 12 Ἰ

126 122 200 171 ,0³
676 87 846 164 nm
864 116 959 163 TA
971 115 1247 164 ΓοΡΑΣ.
1713 113 1812 167 171

123 258 356 324 ,ποίηται
373 250 463 307 καὶ
484 247 522 304 οἳ
539 249 642 321 μή,
661 250 754 304 καὶ
772 250 1101 304 ἐπίστασθαι
1122 251 1322 304 διελεῖν
1338 269 1396 304 τε
1415 250 1508 304 καὶ
1526 249 1817 321 ἐρωτώμε-

136 356 241 390 νον
257 334 428 403 λόγον
446 335 660 387 δοῦναι.
709 332 801 386 καὶ
821 328 888 401 δὴ
911 331 1002 386 καὶ
1021 337 1130 386 νῦν
1149 335 1300 386 ἔσται
1328 352 1388 386 το
1411 330 1667 401 ἐρώτημα
1687 333 1814 401 περὶ

137 421 240 472 τοῦ
258 413 435 470 αὐτοῦ
453 417 581 486 μέν,
615 415 739 483 περὶ
754 406 928 482 οὗπερ
949 412 1055 483 ἐγώ
1074 433 1132 467 τε
1161 410 1343 469 καὶσὺ
1362 417 1471 468 νῦν
1493 412 1817 484 διαλεγόμε-

137 508 245 569 θα,
265 502 391 570 περὶ
409 498 604 570 ἀρετῆς
618 540 631 566 ,
655 499 1126 568 μετενηνεγμένον
1149 498 1209 552 δὲ
1229 500 1305 562 είς
1325 501 1547 567 ποίησιν
1562 517 1574 528 ·
1611 501 1816 552 τοσοῦ-

135 602 238 636 τον
252 582 431 652 μόνον
461 584 668 635 διοίσει.
723 579 867 646 λέγει
893 578 1002 647 γάρ
1031 597 1142 632 που
1161 580 1478 648 Σιμωνίδης
1506 575 1644 649 πρὸς
1659 577 1816 632 Σκό-

129 683 276 733 παν,
297 661 397 718 τὸν
415 664 693 730 Κρέοντος
710 658 837 715 υἱὸν
857 666 960 715 τοῦ
981 666 1284 730 Θετταλοῦ,
1309 660 1395 716 ὅτι

207 744 359 817 ἄνδρ’
381 744 605 816 ἀγαθὸν
625 744 727 816 μὲν
746 742 999 808 ἀλαθέως
1015 747 1280 814 γενέσθαι
1300 743 1568 814 χαλεπόν,
1839 748 1874 790 Β

207 836 393 900 χερσίν
422 850 480 884 τε
509 829 602 884 καὶ
630 829 759 883 ποσὶ
787 829 878 882 καὶ
909 827 1023 901 νόῳ
1054 827 1429 898 τετράγωνον,
1466 826 1605 882 ἄνευ
1631 827 1816 898 ψόγου

825 913 1174 980 τετυγμένον.

132 1002 301 1053 τοῦτο
323 997 610 1050 ἐπίστασαι
637 993 698 1049 τό
733 987 908 1066 ᾆσμα,
950 989 989 1065 ἦ
1015 999 1129 1048 πᾶν
1158 1010 1246 1048 σοι
1269 996 1558 1058 διεξέλθω;
1596 994 1688 1048 καὶ
1707 995 1814 1064 ἐγώ

125 1077 176 1134 εἷ
184 1099 292 1133 πον
310 1075 396 1132 ὅτι
416 1074 600 1132 Οὐδὲν
621 1079 726 1131 δεῖ·
762 1078 1056 1146 ἐπίσταμαί
1069 1097 1127 1131 τε
1146 1074 1271 1146 γάρ,
1285 1077 1377 1130 καὶ
1395 1075 1549 1129 πάνυ
1568 1097 1662 1146 μοι
1682 1097 1818 1146 τυγ-

139 1159 291 1230 χάνει
311 1157 616 1229 μεμεληκὸς
634 1164 737 1213 τοῦ
756 1157 1014 1230 ᾅσματος.
1062 1151 1166 1228 Εὖ,
1189 1161 1320 1228 ἔφη,
1352 1160 1539 1227 λέγεις.
1580 1157 1818 1228 πότερον

140 1234 247 1295 οὖν
266 1245 448 1304 καλῶς
467 1257 558 1294 σοι
588 1243 744 1295 δοκεῖ
765 1246 1105 1310 πεποιῆσθαι
1133 1241 1224 1295 καὶ
1244 1237 1457 1310 ὀρθῶς,
1495 1236 1533 1312 ἦ
1552 1239 1624 1295 οὔ
1637 1265 1652 1308 ;
1689 1240 1818 1296 Ποῖ-

137 1343 225 1390 νυ,
248 1327 390 1392 ἔφην
409 1321 533 1391 ἐγώ,
555 1326 764 1386 *καλῶς
778 1329 802 1358 *
821 1342 880 1376 τε
900 1323 993 1377 καὶ
1010 1320 1199 1391 ὀρθῶς
1256 1329 1433 1377 Δοκεῖ
1449 1322 1514 1377 δέ
1529 1338 1617 1377 σοι
1635 1328 1834 1386 καλῶς,

137 1410 502 1475 πεποιῆσθαι,
535 1408 586 1459 εἰ
602 1406 824 1459 ἐναντία
853 1407 998 1474 λέγει
1015 1402 1183 1469 αὐτὸς
1201 1402 1352 1478 αὐτῷ
1384 1402 1414 1459 ὁ
1436 1403 1689 1476 ποιητής;
1729 1402 1816 1460 Οὐ

134 1491 341 1553 καλῶς,
361 1480 436 1557 ἦν
455 1483 508 1541 δ’
534 1486 654 1556 ἐγώ.
680 1483 819 1552 ’Όρα
840 1486 935 1556 δή,
955 1491 1060 1557 ἔφη
1076 1529 1089 1555 ,
1119 1489 1350 1558 βέλτιον.
1387 1484 1540 1557 Ἀλλ’,
1573 1480 1618 1541 ὦ
1632 1483 1811 1556 ’γαθέ,
1846 1497 1879 1542 C

134 1571 398 1639 ἔσκεμμαι
427 1572 646 1632 [κανῶς.
706 1567 890 1622 Οἶσθα
920 1562 1054 1638 οὖν,
1095 1572 1227 1639 ἔφη,
1266 1564 1351 1623 ὅτι
1383 1568 1680 1639 προϊόντος
1709 1574 1811 1623 τοῦ

135 1647 378 1721 ᾅσματος
396 1652 540 1718 λέγει
556 1670 667 1703 που
681 1670 691 1680 ·

209 1729 346 1787 οὐδέ
359 1751 453 1801 μοι
472 1733 743 1801 ἐμμελέως
761 1728 821 1786 τὸ
845 1730 1171 1785 Πιττάκειον
1189 1733 1407 1801 νέμεται
1419 1773 1434 1801 ,

207 1818 384 1868 καίτοι
421 1819 605 1883 σοφοῦ
639 1811 787 1883 παρὰ
825 1809 1011 1884 φωτὸς
1047 1815 1362 1883 εἰρημένον·
1411 1813 1654 1883 χαλεπὸν
1690 1811 1815 1884 φάτ’

814 1892 1023 1950 ἐσθλὸν
1042 1898 1284 1965 ἔμμεναι.

137 1978 346 2040 ἐννοεῖς
374 1973 459 2030 ὅτι
487 1972 516 2029 ὁ
549 1974 716 2041 αὐτὸς
745 1969 909 2041 οὗτος
939 1979 1030 2031 καὶ
1058 1977 1189 2032 τάδε
1223 1980 1367 2047 λέγει
1385 1975 1613 2033 κάκεῖνα
1633 1975 1698 2031 τὰ
1719 1981 1815 2048 ἔμ-

135 2066 414 2126 προσθεν,
455 2056 622 2126 Οἶδα,
650 2053 725 2130 ἦν
747 2056 799 2113 δ’
821 2059 942 2128 ἐγώ.
996 2067 1171 2115 Δοκεῖ
1190 2053 1295 2115 οὖν
1315 2076 1430 2129 σοι,
1470 2063 1604 2131 ἔφη,
1642 2066 1814 2115 ταῦτα

135 2142 363 2203 ἐκείνοις
380 2137 798 2210 ὁμολογεῖσθαις
843 2146 1103 2196 Φαίνεται
1122 2146 1321 2212 ἔμοιγε.
1377 2143 1469 2197 καὶ
1489 2140 1604 2212 ἅμα
1623 2142 1808 2212 μέντοι

134 2220 456 2292 ἐφοβούμην
473 2220 549 2291 μὴ
569 2222 621 2277 τὶ
637 2225 801 2291 λέγοι.
852 2220 1041 2294 Ἀτάρ,
1080 2227 1221 2293 ἔφην
1250 2224 1383 2293 ἐγώ,
1422 2225 1508 2278 σοὶ
1528 2220 1596 2277 οὐ
1617 2231 1815 2293 φαίνε-

133 2325 247 2370 ται;
321 2309 450 2367 Πῶς
484 2300 591 2373 γὰρ
640 2299 712 2358 ἄν
758 2310 1011 2373 φαίνοιτο
1052 2302 1344 2375 ὁμολογεῖν
1371 2304 1537 2369 αὐτὸς
1575 2305 1752 2378 ἑαυτῷ
1783 2300 1812 2360 ὁ
1839 2312 1875 2354 D

138 2392 308 2440 ταῦτα
328 2383 614 2455 ἀμφότερα
635 2386 840 2459 λέγων,
870 2386 932 2450 ὅς
950 2408 1010 2456 γε
1030 2385 1092 2442 τὸ
1122 2387 1224 2456 μὲν
1251 2393 1475 2454 πρῶτον
1493 2382 1660 2449 αὐτὸς
1679 2381 1814 2439 ὑπέ-

138 2474 271 2523 θετο
310 2465 551 2538 χαλεπὸν
597 2466 738 2523 εἶναι
780 2467 959 2537 ἄνδρα
997 2467 1221 2538 ἀγαθὸν
1257 2470 1520 2538 γενέσθαι
1557 2466 1812 2540 ἀληθείᾳ,

130 2546 321 2619 ὀλίγον
352 2553 410 2605 δὲ
428 2556 531 2605 τοῦ
557 2550 858 2621 ποιήματος
886 2555 962 2615 εἰς
990 2550 1050 2606 τὸ
1079 2550 1331 2621 πρόσθεν
1361 2547 1661 2621 προελθών
1687 2553 1813 2604 ἐπε-

134 2630 366 2702 λάθετο,
415 2635 506 2687 καὶ
544 2632 821 2688 Πιττακὸν
856 2632 956 2687 τόν
992 2629 1165 2687 ταύτὰ
1205 2635 1436 2703 λέγοντα
1475 2633 1680 2705 ἑαυτῷ,
1722 2629 1809 2685 ὅτι

132 2710 372 2782 χαλεπὸν
390 2716 599 2770 ἐσθλὸν
618 2719 846 2786 ἔμμεναι
860 2758 873 2783 ,
906 2721 1106 2771 τοῦτον
1125 2717 1397 2786 μέμφεταί
1411 2736 1468 2770 τε
1489 2715 1580 2770 καὶ
1606 2711 1677 2768 οὔ
1697 2734 1810 2783 φη-

131 2808 225 2848 σιν
254 2790 622 2866 ἀποδέχεσθαι
655 2795 830 2851 αὐτοῦ
849 2794 915 2852 τὰ
941 2793 1080 2852 αὐτὰ
1113 2798 1288 2870 ἑαυτῷ
1310 2798 1581 2867 λέγοντος.
1636 2800 1814 2849 καίτοι
