2020 3094
292 195 408 248 118
885 194 1364 242 ΠΛΑΤΩΝΟΣ
1903 202 1959 245 30

289 329 509 397 &notha
546 326 743 398 Πάντ’,
766 331 897 398 ἔφη·
934 328 1024 383 καὶ
1057 327 1128 381 σύ
1154 348 1215 395 γε
1247 348 1410 397 προς,
1450 335 1601 397 εἴπερ
1632 328 1722 383 καὶ
1751 329 1814 383 ἓν
1842 329 1962 383 ἐπί-

287 430 507 482 στασαι,
548 410 728 467 πάντα
748 412 1044 465 ἐπίστασαι.
1108 401 1171 463 Ὦ,
1192 414 1330 478 Ζεῦ,
1371 413 1512 480 ἔφην
1541 410 1674 479 ἐγώ,
1713 407 1785 474 ὡς
1812 417 1961 464 θαυ-
1994 443 1995 446 =

288 493 499 566 μαστὸν
535 496 706 563 λέγεις
736 494 826 547 καὶ
856 488 1077 560 ἀγαθὸν
1105 491 1242 561 με’γα
1277 489 1580 561 πεφάνθαι.
1623 499 1743 562 μῶν
1779 493 1871 548 καὶ
1909 495 1961 547 οἱ

288 575 446 632 ἄλλοι
471 575 670 639 πάντες
688 573 981 643 ὁένθρωποι
1000 570 1165 627 πάντ’
1186 574 1531 642 ἐπίστανται,
1570 569 1607 643 ἢ
1637 571 1834 639 οὐδέν;
1875 571 1959 629 Οὐ
1999 605 2003 610 ·

287 654 394 726 γὰρ
415 655 613 727 δήπου,
635 659 757 726 ἔφη,
778 652 844 709 τά
864 653 965 725 μὲν
984 656 1295 708 ἐπίστανται
1309 697 1321 720 ,
1342 652 1407 709 τά
1429 652 1481 709 δ’
1505 653 1607 710 οὐκ
1626 657 1956 726 ἐπίστανται,
1997 658 2003 666 ’

288 739 378 793 καὶ
408 737 545 793 εἰσὶν
572 735 682 807 ἅμα
712 737 1067 807 ἐπιστήμονές
1097 757 1154 791 τε
1178 737 1268 791 καὶ
1287 735 1730 808 ἀνεπιστήμονες.
1797 734 1956 792 Ἀλλὰ
1999 751 2007 801 ζ

289 825 343 875 τί
351 843 365 885 3
404 813 477 890 ἦν
497 816 550 874 δ’
571 818 693 887 ἐγώ.
761 818 991 886 Πάντες,
1012 811 1048 888 ἦ
1071 815 1119 872 δ’
1145 816 1223 887 ὅς,
1246 817 1424 873 πάντα
1445 819 1783 888 ἐπίστανται,
1808 826 1958 886 εἴπερ
1999 852 2001 854 -

227 915 260 959 Β
289 902 377 956 καὶ
397 902 472 955 ἕν.
535 893 753 969 Ὦπρὸς
771 905 884 955 τῶν
899 906 1079 969 θεῶν,
1118 894 1191 970 ἦν
1221 897 1271 954 δ’
1304 900 1436 970 ἐγώ,
1477 893 1956 969 ὦΔιονυσόδωρε·
1998 961 2007 971 „

289 987 447 1053 δῆλοι
463 982 568 1053 γάρ
589 987 687 1052 μοί
700 984 860 1036 ἐστον
876 979 1027 1052 ἤδη
1003 980 1089 1037 ότι
1109 982 1508 1052 σπουδάζετον,
1532 984 1621 1038 καὶ
1643 982 1799 1053 μόλις
1818 979 1959 1053 ὑμᾶς
1996 974 1999 986 ⁷

288 1062 752 1134 προύκαλεσάμην
765 1063 1122 1129 σπουδάζειν·
1142 1062 1290 1119 αὐτώ
1313 1071 1389 1138 τῷ
1407 1062 1526 1119 ὄντι
1542 1063 1721 1119 πάντα
1734 1065 1955 1119 ἐπίστα-

290 1154 465 1213 σθον;
501 1141 623 1201 οἷον
643 1143 965 1216 τεκτονικὴν
986 1147 1077 1200 καὶ
1099 1145 1391 1216 σκυτικήν;
1427 1146 1594 1201 Πάνυ
1612 1145 1685 1215 γ’,
1725 1150 1845 1216 ἔφη
1894 1139 1961 1200 Ἦ
1989 1147 1994 1155 ’

289 1229 379 1283 καὶ
417 1239 823 1298 νευρορραφεῖν
861 1227 1080 1282 δυνατώ
1117 1230 1304 1294 ἐστον;
1342 1231 1448 1282 Καὶ
1479 1230 1569 1282 ναὶ
1594 1227 1669 1298 μὰ
1698 1233 1807 1282 Δία
1827 1249 1957 1282 κατ-

288 1310 460 1380 τύειν,
483 1315 604 1380 ἔφη.
640 1304 714 1365 ³H
731 1311 821 1365 καὶ
842 1309 908 1364 τὰ
927 1315 1180 1378 τοιαῦτα,
1201 1310 1331 1374 τούς
1349 1308 1603 1380 ἀστέρας,
1625 1307 1821 1366 ὁπόσοι
1839 1314 1957 1379 εἰσί,
1991 1306 2020 1377 {³-

287 1391 378 1445 καὶ
397 1387 499 1462 τήν
518 1388 730 1460 ἅμμονς
761 1389 925 1444 Πάνυ
943 1410 1032 1459 γε,
1063 1383 1101 1459 ἦ
1121 1388 1172 1443 δ’
1195 1388 1280 1454 ὅς·
1303 1386 1400 1444 εἶτ’
1423 1388 1525 1444 οὐκ
1547 1386 1616 1445 ἀν
1636 1398 1737 1445 οῖἐι
1757 1388 1959 1460 ὁμολο-

287 1480 451 1543 νῆσαι
470 1469 636 1542 ἡμᾶς;

426 1559 559 1610 XXI.
633 1554 742 1608 Καὶ
787 1550 815 1608 ὁ
865 1553 1185 1624 Κτήσιππος
1230 1550 1549 1626 ὑπολαβών·
1604 1556 1757 1625 Πρὸς
1803 1556 1957 1627 Διός,

228 1647 260 1688 c
288 1638 390 1705 ἔφη
405 1676 420 1704 ,
451 1633 873 1704 Διονυσόδωρε,
896 1635 1191 1706 τεκμήριόν
1210 1641 1265 1690 τί
1278 1658 1369 1706 μοι
1388 1635 1603 1691 τούτων
1626 1638 1951 1702 ἐπιδείξατον

287 1716 521 1786 τοιόνδε,
546 1708 593 1789 ᾦ
612 1723 840 1786 εἴσομαι,
862 1715 946 1772 ὅτι
964 1714 1149 1789 ἀληθῆ
1169 1721 1402 1788 λέγετον.
1447 1725 1516 1774 Τί
1530 1721 1800 1786 ἐπιδείξω;
1836 1724 1948 1790 ἔφη.

291 1796 474 1852 Οἶσθα
494 1795 867 1868 Εὐθύδημον,
908 1795 1151 1864 ὁπόσους
1170 1797 1404 1865 ὀδόντας
1432 1805 1566 1871 ἔχει,
1603 1799 1736 1857 καὶὸ
1765 1798 1951 1856 Εὐθύ-

289 1884 485 1950 δημος,
514 1876 754 1944 ὁπόσους
777 1880 878 1948 σῦς
915 1879 1034 1936 Οὐκ
1056 1883 1272 1951 ἐξαρκεῖ
1285 1900 1398 1952 σοι,
1428 1887 1561 1954 ἔφη,
1593 1881 1855 1953 ἀκοῦσαι,
1877 1881 1954 1938 ὅτι

288 1959 468 2015 πάντα
489 1961 856 2032 ἐπιστάμεθα;
895 1966 1210 2034 Μηδαμῶς,
1253 1958 1287 2035 ἦ
1319 1962 1371 2019 δ’
1403 1963 1490 2034 ὅς,
1530 1962 1667 2020 ἀλλά
1696 1970 1859 2019 τοῦτο
1883 1969 1954 2019 ἔτι
1996 2032 2000 2034 ‚

286 2041 420 2114 ἡμῖν
438 2042 615 2114 μόνον
644 2050 868 2099 εἴπατον
890 2045 980 2099 καὶ
1008 2047 1368 2116 ἐπιδείξατον,
1407 2044 1492 2101 ὅτι
1511 2044 1696 2118 ἀληθῆ
1711 2050 1931 2118 λέγετον

289 2127 380 2181 καὶ
401 2124 499 2180 ἐὰν
519 2133 770 2197 εἴπητον,
809 2124 1053 2191 ὁπόσους
1073 2128 1329 2197 ἑκάτερος
1356 2132 1461 2198 ἔχει
1491 2125 1677 2199 ὑμῶν,
1715 2131 1806 2185 καὶ
1826 2135 1958 2200 φαί-

286 2215 461 2277 νησθε
480 2207 707 2277 γνόντες
724 2206 879 2278 ἡμων
901 2207 1356 2279 ἀριθμησάντων,
1374 2208 1481 2282 ἤδη
1503 2210 1808 2281 πεισόμεθα
1827 2208 1960 2281 ὑμῖν
2000 2216 2003 2218 ’

208 2308 246 2351 D
289 2291 378 2345 καὶ
414 2283 599 2345 τάλλα.
650 2288 939 2361 ἡγουμένω
986 2285 1092 2345 οὖν
1139 2291 1490 2347 σκώπτεσθαι
1528 2290 1630 2347 οὐκ
1672 2290 1956 2363 ἠθελέτην,

288 2367 410 2425 ἀλλ’
437 2368 865 2441 ὡμολογησάτην
890 2371 1066 2426 πάντα
1084 2372 1332 2444 χρήματα
1351 2375 1701 2443 ἐπίστασθαι,
1736 2371 1872 2428 καθ’
1898 2375 1958 2427 ἓν
2000 2421 2001 2424 ,

287 2453 521 2507 ἕκαστον
548 2452 889 2523 ἐρωτώμενοι
917 2450 1023 2508 ὑπὸ
1056 2460 1398 2524 Κτησίππου.
1440 2452 1469 2509 ὁ
1502 2454 1607 2525 γὰρ
1638 2452 1958 2524 Κτήσιππος

287 2531 439 2587 πάνυ
471 2529 944 2602 ἀπαρακαλύπτως
972 2534 1138 2592 οὐδὲν
1164 2535 1197 2591 ὅ
1225 2559 1276 2590 τι
1305 2534 1408 2591 οὐκ
1447 2533 1631 2606 ἠρώτα
1667 2541 1956 2604 τελευτῶν,

286 2614 377 2669 καὶ
395 2611 460 2668 τά
477 2622 740 2685 αἴσχιστα,
763 2621 813 2671 εἰ
828 2619 1188 2687 ἐπισταίσθην
1203 2638 1214 2648 ·
1234 2615 1309 2672 τώ
1330 2617 1388 2673 δὲ
1408 2614 1766 2687 ἀνδρειότατα
1787 2614 1956 2686 ὁμόσε

287 2692 428 2767 ᾔτην
446 2708 558 2760 τοῖς
577 2698 945 2769 ἐρωτήμασιν,
985 2696 1388 2768 ὁμολογοῦντες
1417 2701 1644 2768 εἰδέναι,
1685 2696 1870 2764 ὥσπερ
1905 2700 1957 2751 οἰ

288 2778 491 2848 κάπροι
511 2781 568 2833 οἱ
582 2778 718 2846 πρὸς
736 2777 838 2850 τὴν
858 2778 1070 2850 πληγὴν
1091 2778 1258 2850 ὁμόσε
1278 2778 1610 2850 ώθούμενοι,
1633 2778 1762 2835 ὤστ’
1787 2785 1955 2850 ἔγωγε

288 2861 377 2915 καὶ
398 2857 590 2932 αὐτός,
635 2853 679 2915 ὦ
697 2867 942 2931 Κρίτων,
987 2859 1081 2915 ὑπ’
1117 2860 1364 2925 ἀπιστίας
1382 2859 1744 2932 ἠναγκάσθην
1767 2868 1957 2917 τελευ-
