1962 3112
19 2328 36 2459 .·-e'-

116 122 198 169 121
509 79 517 83 ’
787 118 1116 168 ΜΕΝΩΝ.
1685 119 1792 172 319

109 268 202 307 σαι
213 254 414 321 ἔχουσι,
434 248 502 307 δι’
522 248 555 306 ὂ
573 252 713 307 εἰσὶν
729 250 934 322 α’ρεταί,
954 255 1032 315 εἰς
1049 247 1083 307 ὃ
1099 258 1279 317 καλῶς
1297 273 1407 309 που
1425 257 1532 325 ἔχει
1550 252 1789 327 ἀποβλέ-

108 344 292 399 ψαντα
309 331 409 388 τὸν
427 330 876 403 ἀποκρινάμενον
891 338 968 406 τῷ
984 333 1318 404 ἐρωτήσαντι
1329 336 1507 392 ἐκεῖνο
1525 339 1785 408 δηλῶσαι,

107 414 140 471 ὃ
156 414 415 485 τυγχάνει
434 410 577 471 οὖσα
595 414 764 487 ἀρετή
778 437 789 447 ·
807 412 846 487 ἦ
865 414 932 471 οὗ
950 417 1257 487 μανθάνεις
1273 417 1307 474 ὅ
1323 441 1375 474 τι
1393 422 1559 491 λε’γω;
1809 435 1844 475 D

247 502 434 553 MEN.
491 505 663 555 Δοκῶ
682 503 747 569 γε’
762 520 856 569 μοι
881 498 1198 569 μανθάνειν
1212 521 1222 531 ·
1262 498 1331 556 οὐ
1348 503 1535 572 μέντοι
1557 500 1629 568 ὡς
1644 503 1786 575 βού-

105 585 275 651 λομαί
285 586 351 650 γέ
368 599 452 635 πω
475 583 682 651 κατέχω
698 580 759 636 τὸ
779 580 1151 652 ἐρωτώμενον.

247 667 370 717 ΣΩ.
425 661 678 733 Πότερον
698 662 755 717 δὲ
775 663 899 730 περὶ
927 660 1121 733 ἀρετῆς
1140 663 1320 734 μόνον
1340 681 1428 719 σοι
1448 663 1594 720 οὕτω
1614 669 1781 736 δοκεῖ,

109 738 152 800 ’ἦ
173 746 408 815 Μένων,
446 743 584 815 ἄλλη
604 744 708 815 μὲν
725 741 931 813 ἀνδρὸς
960 743 1127 815 εἶναι,
1164 744 1301 816 άλλη
1329 745 1388 801 δὲ
1405 746 1669 815 γυναικὸς
1689 749 1782 804 καὶ

106 834 216 883 τῶν
234 826 443 897 ἄλλων,
478 823 513 897 ἦ
533 829 625 882 καὶ
643 829 766 896 περὶ
785 825 992 896 ὑγιείας
1009 830 1100 883 καὶ
1119 828 1242 895 περὶ
1261 831 1532 898 μεγέθους
1550 830 1640 885 καὶ
1658 831 1782 899 περὶ

108 909 290 982 ’σχύος
314 906 602 975 ὡσαύτωςς
641 908 779 980 ἄλλη
798 912 900 980 μὲν
919 909 1123 982 ἀνδρὸς
1145 914 1301 966 δοκεῖ
1315 927 1402 966 σοι
1423 911 1614 968 εἶναι
1582 918 1777 983 υγίεια,

108 992 244 1064 αλλη
275 992 334 1048 δὲ
362 990 653 1061 γυναικός;
689 986 728 1062 ἦ
755 988 962 1046 ταύτὸν
994 999 1277 1063 πανταχοῦ
1306 992 1495 1058 εἷδός’
1467 1011 1643 1064 εστιν,
1682 993 1781 1049 ἐάν

108 1095 208 1144 περ
227 1073 406 1145 ὑγίεια
433 1067 496 1147 ᾖ,
535 1073 635 1129 ἐάν
663 1094 720 1128 τε
749 1075 812 1129 ἐν
846 1070 1007 1145 άνδρὶ
1027 1075 1126 1131 ἐάν
1145 1097 1203 1131 τε
1222 1078 1283 1132 ἐν
1304 1075 1452 1132 άλλω
1479 1075 1698 1151 ὁτωοῦν
1719 1071 1776 1151 ᾖς
1809 1092 1844 1133 Ε

243 1163 431 1213 ΜΕΝ.
482 1153 554 1211 Η
570 1155 709 1228 αὐτή
733 1179 826 1228 μοι
844 1160 996 1214 δοκεῖ
1022 1155 1200 1228 ὑγίειά
1223 1181 1286 1229 γε
1306 1159 1446 1215 εἶναι
1467 1162 1557 1217 καὶ
1577 1159 1781 1232 ἀνδρὸς

112 1244 194 1305 καὶ
211 1240 491 1312 γυναικός.

242 1328 368 1379 ΣΩ.
425 1319 654 1377 Οὐκοῦν
671 1322 762 1377 καὶ
776 1323 1011 1392 μέγεθος
1030 1324 1122 1377 καὶ
1142 1322 1320 1392 ἰσχύς,
1308 1346 1320 1357 ·
1344 1322 1442 1378 ἐάν
1461 1343 1563 1391 περ
1580 1319 1778 1394 ἰσχυρὰ

0 1455 1 1460 ,
102 1407 246 1478 γυνὴ
276 1399 341 1479 ᾗ,
382 1411 460 1478 τῷ
478 1401 632 1478 αὐτῷ
664 1407 796 1460 εῖδει
827 1407 919 1459 καὶ
947 1410 1017 1476 τῇ
1044 1401 1182 1476 αὐτῇ
1209 1405 1358 1474 ἰσχύι·
1383 1403 1580 1476 ἰσχυρὰ
1600 1410 1777 1471 ἔσται;

0 1503 3 1561 g
99 1486 161 1545 vd
181 1486 289 1559 γὰρ
310 1494 378 1560 τῇ
396 1484 538 1558 αὐτῇ
556 1493 720 1541 τοῦτο
741 1487 908 1555 λε’·γω
931 1484 1097 1541 οὐδὲν
1117 1488 1366 1555 διαφέρει
1383 1485 1523 1556 πρὸς
1539 1484 1599 1542 τὸ
1622 1483 1777 1557 ἰσχὺς

0 1569 10 1594 ''
100 1568 242 1627 εἶναι
258 1565 293 1640 ἡ
315 1569 496 1639 ἰσχύς,
519 1566 616 1623 ἐάν
634 1588 691 1622 τε
711 1568 770 1622 ἐν
791 1559 1008 1636 ἀνδρὶ
971 1587 1006 1637 ῃ
1027 1565 1126 1621 ἐάν
1145 1587 1202 1621 τε
1223 1568 1284 1622 ἐν
1301 1573 1550 1636 γυναικί·
1570 1564 1607 1639 ἢ
1627 1571 1780 1624 δοκεῖ

100 1656 157 1707 τί
167 1667 256 1707 σοι
278 1653 588 1720 διαφέρειν;

243 1739 430 1791 ΜΕΝ.
493 1731 613 1789 Οὐκ
633 1737 832 1804 ἔμοιγε.

243 1821 369 1872 ΣΩ.
413 1812 487 1871 Ἡ
501 1816 558 1871 δὲ
579 1812 743 1886 άρετὴ
773 1811 911 1884 πρὸς
929 1811 990 1869 τὸ
1012 1811 1176 1885 ἀρετὴ
1198 1811 1338 1869 εἶναι
1359 1817 1550 1870 διοίσει
1567 1835 1644 1885 τι,
1677 1812 1776 1869 ἐάν
1804 1828 1861 1874 73

99 1921 158 1955 τε
178 1901 240 1955 ἐν
260 1900 412 1954 παιδὶ
430 1890 468 1970 ᾗ
485 1897 583 1952 ἐάν
609 1918 666 1952 τε
698 1898 760 1952 ἐν
778 1896 1087 1968 πρεσβύτῃ,
1124 1895 1223 1952 ἐάν
1255 1917 1313 1951 τε
1342 1898 1404 1952 ἐν
1427 1897 1649 1966 γυναικὶ
1677 1896 1776 1952 ἐάν

102 2002 159 2036 τε
180 1981 240 2036 ἐν
259 1976 449 2048 ἆνδρίς

243 2066 430 2117 ΜΕΝ.
474 2058 701 2132 ’Ἑμοιγέ
718 2080 833 2125 πως
852 2063 1025 2131 δοκεῖ,
1047 2053 1093 2115 ὦ
1111 2059 1430 2131 Σώκρατες,
1451 2066 1616 2116 τοῦτο
1638 2057 1775 2117 οὐκ-

101 2145 179 2200 έτι
198 2139 395 2213 ὅμοιον
414 2138 556 2196 εἶναι
575 2153 686 2206 τοῖς
702 2139 887 2206 ἄλλοις
905 2141 1134 2205 τούτοις.

243 2228 367 2279 ΣΩ.
425 2227 495 2279 Τί
518 2226 612 2278 δαί
620 2247 634 2287 ;
671 2221 774 2278 οὐκ
814 2221 1018 2295 ἀνδρὸς
1047 2220 1148 2293 μὲν
1178 2219 1381 2293 ἀρετὴν
1414 2225 1593 2293 ἔλεγες
1612 2220 1776 2279 πόλιν

102 2300 166 2364 εὖ
188 2310 418 2363 διοικεῖν
430 2348 447 2376 ,
465 2304 729 2377 γυναικὸς
749 2306 808 2361 δὲ
826 2310 1032 2371 οίκίαν;

247 2396 431 2446 ΜΕΝ.
473 2388 695 2460 Ἴῢγωγε.

240 2476 365 2529 za.
411 2464 528 2539 'Ao’
561 2463 668 2526 οὖν
698 2466 819 2525 οἷόν
838 2491 896 2525 τε
917 2462 982 2525 εὖ
1002 2473 1229 2526 διοικεῖν
1246 2465 1284 2541 ἢ
1306 2467 1468 2523 πόλιν
1483 2463 1521 2540 ἦ
1539 2471 1719 2525 οἰκίαν
1736 2466 1774 2542 ἦ

102 2551 238 2610 ἄλλο
259 2550 474 2622 ὁτιοῦν,
495 2550 568 2622 μή
591 2551 898 2622 σωφρόνως
918 2553 1008 2607 καὶ
1030 2554 1252 2615 δικαίως
1277 2553 1620 2619 διοικοῦντα;

245 2640 430 2691 ΜΕΝ.
502 2631 589 2689 Οὐ
610 2637 745 2705 δῆτα
1804 2645 1839 2687 Β

243 2721 370 2772 ΣΩ.
424 2711 655 2771 Οὐκοῦν
686 2713 757 2769 ἂν
787 2734 890 2785 περ
921 2718 1141 2780 δικαίως
1171 2717 1262 2771 καὶ
1291 2713 1597 2785 σωφρόνως
1632 2717 1773 2771 διοι-

30 2842 31 2846 ,
103 2804 269 2870 κῶσι,
309 2797 635 2870 δικαιοσύνῃ
654 2797 743 2854 καὶ
766 2796 1107 2870 σωφροσύνῃ
1127 2796 1532 2868 διοικήσουσιν;
