1962 3112
319 7 366 17 κ.

257 81 363 134 440
872 82 1348 131 ΠΛΑΤΩΝΟΣ
1879 78 1944 134 78

259 221 470 272 πολλοῦ
491 215 699 287 χρόνου
721 214 922 285 λόγους
941 217 1491 286 παρεσκευασμένων,
1517 221 1573 272 οἳ
1589 215 1735 272 οὕτω
1755 221 1936 278 καλῶς

259 303 598 366 ἐπαινοῦσιν,
617 295 756 352 ὥστε
775 298 866 352 καὶ
886 295 952 351 τά
972 297 1250 365 προσόντα
1269 297 1442 354 καὶτὰ
1463 296 1536 370 μὴ
1555 301 1679 371 περὶ
1699 298 1935 355 ἑκάστου

143 378 227 424 235
257 386 536 453 λέγοντες,
571 379 837 435 κάλλιστά
859 399 974 442 πως
991 391 1105 443 τοῖς
1124 377 1359 452 ὀνόμασι
1379 388 1778 450 ποικίλλοντες,
1799 402 1934 451 γοη-

255 464 515 518 τεύουσιν
541 458 699 531 ἡμῶν
728 458 824 524 τὰς
854 461 1058 532 ψυχάς,
1097 463 1187 516 καὶ
1205 460 1307 533 τὴν
1328 464 1491 519 πόλιν
1510 464 1938 534 ἐγκωμιάζοντες

255 545 393 602 κατα
426 543 633 607 πάντας
653 542 893 614 τρόπους
913 545 1004 598 καὶ
1034 541 1165 608 τούς
1183 546 1635 616 τετελευτηκότας
1654 549 1714 601 ἐν
1734 551 1811 619 τῷ
1830 565 1934 600 πο-
1961 607 1962 624 ³

255 630 398 701 λέμςο
437 629 528 681 καὶ
561 625 692 689 τοὺς
726 624 1040 694 προγόνους
1077 622 1237 695 ἡμῶν
1274 623 1521 692 ἅπαντας
1557 624 1688 691 τούς
1725 632 1934 698 ἔμπρο-

255 719 396 767 σθεν
415 712 506 765 καὶ
525 706 727 771 αὐτοὺς
747 705 888 778 ἡμᾶς
906 705 1036 771 τούς
1058 710 1135 761 ἔτι
1155 711 1359 773 ζῶντας
1378 711 1759 778 ἐπαινοῦντες,
1797 704 1933 762 ὥστ’
1957 702 1960 750 ἶ

252 796 450 862 ἔγωγε,
486 783 530 845 cg
550 792 855 856 Μενέξενε,
879 793 1146 857 γενναίως
1167 788 1317 844 πάνυ
1338 793 1649 861 διατίθεμαι.
1669 787 1922 845 ε’παινούν
1957 769 1962 831 ¹

251 894 417 943 μενος
454 869 552 927 ὑπ’
588 869 801 942 αὐτων,
839 873 929 926 καὶ
953 872 1209 927 ἑκάστοτε
1237 873 1436 945 ἕστηκα
1460 873 1812 945 ἀκροώμενος
1841 873 1932 928 καὶ
1959 873 1962 949 ξ

188 966 219 1007 Β
251 953 608 1025 κηλούμενος,
629 950 940 1023 ἡγούμενος
959 957 1019 1008 ἐν
1037 975 1111 1008 τω
1135 962 1463 1027 παραχρῆμα
1476 961 1673 1027 μείζων
1693 957 1782 1012 καὶ
1802 978 1932 1024 γεν-
1959 980 1962 994 «

250 1035 535 1105 ναιότερος
560 1037 652 1091 καὶ
681 1041 922 1091 καλλίων
952 1039 1254 1106 γεγονέναι.
1295 1036 1386 1093 καὶ
1423 1035 1510 1094 οἷα
1549 1037 1614 1109 δὴ
1653 1061 1717 1093 τα
1752 1035 1925 1094 πολλα
1960 1037 1962 1091 J

250 1117 332 1174 ἀει
353 1118 471 1189 μετ’
494 1120 629 1189 ἐμοῦ
651 1122 795 1183 ξένοι
814 1140 956 1182 τινες
976 1118 1200 1174 ἕπονται
1218 1121 1309 1175 καὶ
1332 1123 1763 1190 ξυνακροωνται,
1791 1139 1932 1188 προς

251 1197 349 1264 οὓς
368 1197 471 1269 ἐγώ
506 1199 838 1269 σεμνότερος
859 1201 919 1254 ἐν
946 1205 1021 1271 τῷ
1044 1208 1373 1272 παραχρῆμα
1390 1208 1649 1273 γίγνομαι
1665 1223 1675 1234 ·
1713 1198 1930 1270 καὶγὰρ

248 1285 447 1337 ἐκεῖνοι
463 1279 635 1336 ταύτά
655 1286 828 1336 ταῦτα
850 1285 1083 1336 δοκοῦσί
1097 1304 1192 1352 μοι
1211 1283 1439 1353 πάσχειν
1457 1286 1548 1339 καὶ
1568 1281 1706 1355 πρὸς
1725 1285 1816 1352 ἐμὲ
1836 1282 1927 1336 καὶ

247 1363 386 1435 πρὸς
413 1361 515 1434 τὴν
545 1361 721 1433 ἄλλην
749 1363 937 1432 πόλιν,
976 1369 1438 1435 θαυμασιωτέραν
1466 1363 1643 1436 αυτὴν
1670 1362 1927 1435 ἡγεῖσθαι

248 1440 443 1499 εἶναι’
416 1467 450 1542 η
483 1444 782 1514 πρότερον,
820 1442 931 1500 υπὸ
961 1452 1063 1500 τοῦ
1090 1448 1346 1515 λέγοντος
1364 1445 1812 1516 ἀναπειθόμενοι.
1836 1448 1931 1499 καί

245 1548 339 1597 μοι
368 1525 508 1597 αὕτη
539 1524 572 1596 ἡ
605 1526 874 1596 σεμνότης
902 1529 1204 1597 παραμένει
1241 1526 1444 1598 ἡμέρας
1481 1532 1647 1583 πλείω
1685 1523 1721 1598 ἢ
1758 1538 1925 1595 τρεῖς·

188 1623 219 1664 C
249 1631 426 1673 ουτως
444 1614 675 1672 ἐναυλος
696 1606 724 1662 ὁ
746 1608 909 1678 λόγος
928 1631 984 1663 τε
1003 1610 1094 1664 καὶ
1114 1606 1142 1663 ὁ
1164 1610 1420 1681 φθόγγος
1442 1630 1589 1680 παρα
1609 1615 1711 1664 τοῦ
1730 1614 1926 1678 λέγον-

244 1713 336 1755 τος
365 1690 615 1746 ἐνδύεται
646 1695 720 1754 εἰς
750 1688 816 1744 τὰ
850 1712 988 1759 ωτα,
1029 1689 1169 1745 ω’στε
1199 1692 1358 1763 μόγις
1388 1692 1617 1764 τετάρτῃ
1640 1687 1679 1762 η“
1707 1693 1925 1762 πέμπτῃ

243 1771 421 1844 ἡμέρᾳ
452 1770 939 1842 αναμιμνήσκομαι
963 1775 1206 1842 ἐμαυτοῦ
1237 1775 1327 1829 καὶ
1360 1773 1716 1844 αἰσθάνομαι
1726 1793 1795 1827 ου
1825 1777 1927 1843 γῆς

244 1857 376 1923 εἰμί,
396 1856 530 1917 τέως
562 1853 621 1908 δὲ
649 1851 799 1922 οἶμαι
821 1852 997 1921 μόνον
1028 1851 1131 1908 οὐκ
1152 1857 1212 1907 ἐν
1230 1856 1499 1926 μακάρων
1517 1855 1708 1926 νήσοις
1728 1859 1923 1909 οἰκεῖν·

243 1933 420 1998 οὕτως
438 1931 568 2005 ἡμῖν
588 1938 644 1989 οἵ
658 1934 887 2005 ῥήτορες
908 1937 1078 1998 δεξιοί
1097 1939 1248 1990 εἰσιν.

380 2025 462 2075 111.
535 2024 724 2073 MEN.
775 2014 881 2072 ’Λεὶ
901 2017 972 2072 σὺ
995 2023 1367 2089 προσπαίζεις,
1392 2013 1438 2074 (5
1459 2018 1772 2089 Σώκρατες,
1794 2017 1924 2083 τούς

241 2101 490 2171 ῥήτορας.
529 2105 638 2154 νῦν
675 2099 864 2169 μέντοι
898 2097 1047 2168 οἶμαι
1075 2097 1180 2168 ε’γώ
1217 2097 1316 2154 τὸν
1346 2102 1639 2168 αἱρεθέντα
1670 2096 1737 2153 οὐ
1771 2098 1922 2153 πάνυ

240 2180 595 2251 εὐπορήσειν·
631 2183 685 2245 ἐξ
706 2178 964 2250 ὑπογύου
984 2179 1091 2251 γάρ
1113 2182 1462 2236 παντάπασιν
1483 2181 1516 2252 ἡ
1537 2184 1741 2252 αἵρεσις
1759 2182 1924 2255 γέγο-

238 2285 355 2333 νεν,
377 2260 517 2317 ὥστε
538 2269 670 2326 ἴσως
687 2259 1173 2332 ἀναγκασθήσεται
1199 2260 1227 2318 ὁ
1248 2265 1425 2332 λέγων
1448 2262 1631 2333 ὥσπερ
1655 2260 1912 2331 αὐτοσχε-

239 2342 452 2409 διάζειν.

176 2440 206 2482 D
379 2430 504 2479 ΣΩ.
558 2424 780 2493 Πόθεν,
806 2419 852 2480 αἶ
877 2425 1040 2497 ’γαθέ
1050 2452 1064 2494 ;
1103 2429 1241 2485 εἰσὶν
1262 2429 1510 2494 ἑκάστοις
1528 2429 1743 2484 τούτων
1762 2427 1916 2497 λόγοι

235 2511 761 2579 παρεσκευασμένοι,
782 2511 874 2564 καὶ
893 2509 1005 2581 ἅμα
1026 2508 1157 2567 οὐδὲ
1176 2510 1615 2583 αὐτοσχεδιάζειν
1634 2511 1699 2566 τά
1717 2522 1780 2582 γε
1799 2532 1915 2567 τοι-
1959 2528 1962 2580 j

235 2595 374 2642 αῦτα
394 2589 650 2658 χαλεπόν.
686 2594 852 2661 εἰμὲν
870 2593 975 2663 γὰρ
999 2594 1113 2647 δέοι
1129 2591 1456 2664 Ἀθηναίους
1476 2599 1536 2650 ἐν
1552 2600 1914 2664 Πελοποννη-

233 2677 370 2737 σίοις
389 2667 453 2727 εὖ
483 2675 663 2743 λέγειν
683 2670 718 2744 ἢ
737 2680 1224 2747 Πελοποννησίους
1244 2680 1304 2733 ἐν
1322 2676 1657 2748 Ἀθηναίοις,
1690 2676 1913 2746 ἀγαθοῦ
1955 2675 1962 2739 fi

231 2748 302 2808 ἂν
324 2752 554 2825 ῥήτορος
574 2756 687 2809 δέοι
705 2762 804 2809 τοῦ
827 2761 1110 2823 πείσοντος
1129 2760 1221 2814 καὶ
1250 2756 1734 2828 εὐδοκιμήσοντος·
1776 2757 1911 2815 ὅταν
1954 2766 1962 2785 ¹
