1962 3112
175 63 278 115 258
354 39 378 44 ”
772 62 1252 111 ΠΛΑΤΩΝΟΣ
1349 29 1351 32 ’
1622 113 1625 117 ,
1796 40 1855 117 60

1826 193 1854 213 Pl

150 204 153 205 ⁷
179 198 270 253 καὶ
291 198 764 268 αἰσχυντηροτέρω
783 201 998 265 μᾶλλον
1015 201 1115 250 τοῦ
1137 199 1379 261 δέοντος·
1419 204 1535 262 πῶς
1556 196 1663 269 γὰρ
1683 197 1779 264 οὕς
1811 220 1854 254 ω

179 300 243 349 γε
268 283 343 342 εἰς
360 284 629 333 τοσοῦτον
649 277 911 347 αἰσχύνης
931 276 1294 349 ἐληλύθατον,
1309 277 1447 334 ὥστε
1469 278 1559 334 διὰ
1579 277 1640 335 τὸ
1660 278 1856 350 αἰσχύ-

184 369 385 417 νεσθαι
402 366 578 432 τολμᾷ
601 359 854 430 ἑκάτερος
874 358 1062 414 αὐτῶν
1080 359 1247 425 αύτός
1266 358 1416 435 αὐτῷ
1434 364 1653 417 ἐναντία
1674 363 1856 432 λέγειν

183 445 436 499 ἐναντίον
467 448 690 497 πολλῶν
719 440 1066 513 ἀνθρώπων,
1105 445 1196 499 καὶ
1217 450 1389 498 ταῦτα
1417 446 1541 513 περὶ
1569 449 1682 499 τῶν
1700 449 1856 514 μεγί-

184 542 345 579 στων.
400 523 471 578 σύ
492 524 740 579 δὲταῦτα
763 525 942 579 πάντα
971 530 1133 595 ἔχεις,
1174 522 1208 580 ἃ
1239 528 1296 580 οὗ
1321 523 1477 580 ἄλλοι
1508 523 1611 579 οὐκ
1643 531 1851 595 ἔχουσι·

184 610 546 662 πεπαίδευσαί
563 628 620 661 τε
639 606 743 676 γὰρ
765 610 994 676 ἱκανῶς,
1023 605 1096 671 ῶς
1118 609 1312 663 πολλοὶ
1333 603 1404 661 ἄν
1425 606 1662 678 φήσαιεν
1685 599 1873 677 Ἀθη-ἶ

185 695 386 758 ναίων,
429 690 518 744 καὶ
547 691 665 760 ἐμοὶ
697 687 744 744 εἶ
771 689 987 753 εὔνους.
1041 694 1148 743 τίνι
1172 695 1443 762 τεκμηρίῳ
1473 696 1710 760 χρῶμαι;
1748 688 1855 758 ε’γῶ

123 786 153 827 C
188 786 276 824 σοι
296 771 418 839 ἐρῶ.
471 769 594 824 οἶδα
613 766 756 840 ὑμᾶς
784 770 918 840 ἐγώ,
961 764 1004 824 ὦ
1026 775 1378 840 Καλλίκλεις,
1417 772 1673 839 τέτταρας
1692 769 1858 834 ὄντας

181 851 491 915 κοινωνοὺς
519 852 817 921 γεγονότας
846 857 1069 922 σοφίας,
1109 857 1174 908 σέ
1198 874 1255 907 τε
1285 854 1375 908 καὶ
1410 855 1720 922 Τίσανδρον
1757 851 1858 906 τὸν

178 931 497 1004 Ἀφιδναῖον
517 935 607 988 καὶ
621 933 911 1004 ’Ἄνδρωνα
932 935 1032 989 τὸν
1046 933 1439 1001 Ἀνδροτίωνος
1458 936 1548 990 καὶ
1565 933 1858 989 Ναυσικύ-

183 1021 288 1087 δην
318 1015 415 1072 τὸν
439 1019 752 1088 Χολαργέα·
803 1024 901 1073 καί
924 1038 1055 1073 ποτε
1085 1015 1245 1087 ὑμῶν
1273 1015 1378 1088 ἐγώ
1409 1016 1687 1088 ἐπήκουσα
1719 1023 1855 1084 βου.-

181 1100 525 1169 λευομένων,
547 1101 702 1169 μέχρι
721 1097 848 1154 ὅποι
866 1097 970 1170 τὴν
990 1106 1195 1169 σοφίαν
1215 1098 1483 1170 ἀσκητέον
1502 1108 1604 1170 εἰή,
1625 1101 1714 1155 καὶ
1734 1098 1856 1155 οἶδα

183 1180 267 1236 ὅτι
298 1184 450 1236 ἐνίκα
480 1183 539 1236 ἐν
569 1178 701 1251 ὑμῖν
731 1182 916 1236 τοιάδε
946 1205 1025 1247 τις
1054 1183 1214 1254 δόξα,
1251 1181 1324 1253 μὴ
1346 1189 1763 1252 προθυμεῖσθαι
1783 1186 1857 1246 εἰς

181 1261 285 1334 τὴν
315 1261 603 1335 ἀκρίβειαν
644 1270 1002 1334 φιλοσοφεῖν,
1050 1262 1187 1320 ἀλλὰ
1229 1264 1588 1337 εὐλαβεῖσθαι
1624 1286 1856 1334 παρεκε-

119 1361 153 1402 Ι)
185 1347 420 1402 λεύεσθε
440 1344 725 1416 ἀλλήλοις,
758 1346 908 1411 ὅπως
932 1344 1005 1417 μὴ
1026 1351 1164 1418 πέρα
1185 1355 1286 1404 τοῦ
1308 1351 1529 1413 δέοντος
1548 1347 1854 1418 σοφώτεροι

184 1428 478 1498 γενόμενοι
498 1429 690 1500 λήσετε
711 1433 1130 1501 διαφθαρέντες.
1190 1429 1375 1503 ἐπειδὴ
1399 1424 1502 1487 οὖν
1532 1449 1636 1485 σου
1667 1428 1856 1485 άκούω
1953 1423 1958 1508 J

185 1516 360 1565 ταῦτα
379 1513 496 1581 ἐμοὶ
527 1512 1038 1583 συμβουλεύοντος,
1077 1513 1217 1583 ἅπερ
1237 1526 1350 1578 τοῖς
1383 1519 1621 1587 σεαυτοῦ
1642 1514 1858 1582 ἑταιρο-

185 1594 394 1661 τάτοις,
433 1594 631 1649 ἱκανόν
655 1616 749 1665 μοι
777 1595 1080 1666 τεκμήριόν
1109 1599 1286 1668 ἐστιν,
1328 1595 1412 1652 ὅτι
1433 1594 1505 1661 ὡς
1524 1594 1748 1667 άληθῶς
1765 1617 1854 1666 μοι

186 1675 386 1741 εὔνους
422 1676 481 1732 εἶ.
533 1677 624 1732 καὶ
660 1675 774 1748 μὴν
809 1677 894 1733 ὅτι
933 1700 995 1748 γε
1024 1676 1137 1743 οἷος
1174 1672 1644 1749 παρρησιάζεσθαι
1673 1676 1856 1749 καὶμὴ

187 1759 579 1829 αἰσχύνεσθαι,
626 1758 792 1825 αὐτός
813 1783 868 1816 τε
891 1759 1000 1833 φῂς
1019 1764 1110 1816 καὶ
1131 1760 1160 1817 ὁ
1182 1762 1346 1831 λόγος
1364 1758 1431 1816 ὃν
1451 1759 1641 1831 ὀλίγον
1661 1759 1862 1830 πρότε-

187 1861 290 1909 ρον
308 1844 486 1910 ἔλεγες
499 1838 759 1911 ὁμολογεῖ
772 1859 873 1896 σοι.
911 1847 1018 1912 ἔχει
1039 1842 1104 1913 δὴ
1127 1841 1330 1898 οὑτωσὶ
1351 1847 1521 1913 δῆλον
1543 1841 1627 1898 ὅτι
1646 1844 1860 1898 τούτων

124 1937 157 1979 Ε
186 1924 311 1992 πέρι
326 1929 483 1978 νυνί·
522 1923 619 1979 ἐάν
648 1946 699 1978 τι
730 1923 800 1979 σύ
820 1927 879 1980 ἐν
900 1937 1011 1989 τοῖς
1033 1925 1217 1995 λόγοις
1236 1922 1582 1995 ὁμολογήσῃς
1602 1946 1721 1994 μοι,
1761 1930 1860 1996 βε-

184 2007 596 2076 βασανισμένον
630 2005 775 2062 τοῦτ’
805 2006 910 2078 ἤδη
949 2013 1098 2063 ἔσται
1136 2011 1338 2071 ἱκανῶς
1375 2004 1464 2062 ὑπ’
1501 2010 1638 2078 ἐμοῦ
1674 2028 1732 2062 τε
1768 2008 1860 2063 καὶ

185 2094 317 2158 σοῦ,
357 2089 448 2142 καὶ
477 2086 661 2143 οὐκέτι
691 2087 825 2145 αὐτὸ
859 2090 1042 2161 δεήσει
1071 2087 1150 2145 ἐπ’
1175 2089 1350 2160 ἄλλην
1376 2090 1628 2161 βάσανον
1646 2087 1853 2159 άναφέ·
1924 2152 1927 2162 ,Ἴ

185 2192 320 2240 ρειν
373 2169 441 2225 οὐ
462 2193 568 2241 γαρ
590 2171 663 2226 άν
693 2191 823 2227 ποτε
851 2170 986 2228 αὐτὸ
1014 2173 1403 2243 συνεχῶρησας
1422 2170 1492 2227 σύ
1512 2171 1640 2228 οὔτε
1660 2176 1859 2242 σοφίας

183 2256 364 2327 ἐνδείᾳ
384 2251 494 2310 οὔτ’
518 2253 782 2325 αἰσχύνης
801 2261 1128 2354 παρουσία,
1119 2253 1242 2310 οὐδ’
1268 2257 1341 2309 αὐ
1361 2251 1586 2309 άπατῶν
1607 2254 1699 2324 ἐμὲ
1717 2271 1856 2323 συγ-

183 2335 457 2407 χωρήσαις
483 2335 580 2392 άν’
636 2343 795 2408 φίλος
822 2338 930 2408 γάρ
960 2361 1053 2408 μοι
1079 2336 1152 2406 εἴ,
1194 2336 1267 2403 ῶς
1299 2339 1390 2393 καὶ
1410 2335 1577 2400 αὐτὸς
1600 2335 1722 2409 φῄς.
1778 2342 1856 2390 τῶ

183 2418 303 2473 ὄντι
331 2422 436 2474 οὐν
463 2417 497 2490 ἡ
528 2417 628 2490 ἐμὴ
661 2421 752 2475 καὶ
783 2418 850 2490 σὴ
879 2417 1142 2490 ὁμολογία
1170 2423 1326 2484 τέλος
1345 2418 1450 2490 ἤδη
1472 2420 1576 2484 ε’ξει
1605 2424 1699 2487 τῆς
1719 2415 1855 2487 άλη-

182 2505 353 2564 θείας.
394 2500 618 2556 πάντων
639 2503 697 2557 δε
719 2508 976 2573 καλλίστη
995 2504 1144 2558 ἐστὶν
1162 2500 1196 2573 ἡ
1226 2505 1432 2569 σκέψις,
1449 2495 1494 2555 ῶ
1511 2503 1854 2568 Καλλίκλεις,

185 2583 308 2650 περὶ
326 2582 539 2637 τούτων
563 2577 644 2638 ῶν
663 2583 734 2638 σύ
756 2585 824 2655 δή
843 2606 936 2655 μοι
953 2587 1306 2656 ἐπετίμησας,
1332 2584 1493 2639 ποῖόν
1512 2605 1635 2637 τινα
1655 2579 1757 2653 χρὴ
1779 2579 1860 2636 εἶ-

69 2685 155 2730 488
189 2685 278 2718 ναι
298 2686 396 2718 τον
416 2664 594 2733 ἄνδρα
625 2667 716 2721 καὶ
734 2672 791 2721 τί
804 2667 1147 2736 ἐπιτηδεύειν
1166 2668 1257 2722 καὶ
1276 2669 1429 2737 μέχρι
1447 2671 1573 2735 τοῦ,
1609 2667 1700 2719 καὶ
1719 2683 1856 2730 πρε-

186 2746 458 2818 σβύτερον
496 2748 587 2803 καὶ
625 2747 901 2818 νεώτερον
940 2747 1088 2804 ὄντα.
1134 2748 1239 2819 ε’γῶ
1270 2746 1377 2820 γὰρ
1409 2755 1463 2803 εἴ
1484 2768 1535 2802 τι
1563 2745 1637 2818 μὴ
1667 2743 1856 2816 ὀρθῶς
1887 2804 1891 2815 ,
