1962 3112
171 947 233 989 St.
251 949 282 989 1.

170 1018 254 1115 3ἷὲ

227 1641 261 1683 Β

632 416 1053 485 ΙΠΠΙΑΣ
1100 414 1623 486 ΕΛΑΤΤΩΝ

498 536 569 620 [ἢ
605 542 733 618 περὶ
765 550 876 599 τοῦ
919 536 1217 613 ψεύδους·
1264 536 1717 622 ἀνατρεπτικός]

607 751 702 799 ΤΑ
727 752 865 800 ΤΟΥ
877 751 1259 799 ΔῙΛΛΟΓΟΥ
1286 751 1630 799 ΠΡΟΣΩΠΑ

502 851 879 922 ΕΥΔΙΚΟΣ,
926 850 1397 920 ΣΩΚΡΑΤΗΣ,
1438 851 1738 907 ΙΠΠΙΑΣ.

424 1061 460 1109 Ι.
547 1053 636 1109 Σύ
674 1055 733 1110 δὲ
763 1053 829 1125 δὴ
860 1060 915 1110 τί
940 1061 1127 1128 σιγᾷς,
1168 1048 1212 1109 ὦ
1242 1056 1563 1126 Σώκρατες,
1595 1054 1821 1112 Ἱππίου
1857 1078 1951 1112 το·-

286 1142 461 1193 σαῦτα
504 1138 943 1207 ἐπιδειξαμένου,
990 1138 1082 1191 καὶ
1127 1133 1247 1207 οὐχὶ
1292 1132 1328 1207 ἦ
1368 1149 1713 1202 συνεπαινεῖς
1752 1161 1802 1192 τι
1842 1145 1950 1194 τῶν

287 1222 588 1290 εἰρημένων
616 1214 652 1289 ἢ
683 1221 774 1274 καὶ
804 1221 1060 1288 ἐλέγχεις,
1102 1222 1223 1272 εἷ’τί
1237 1234 1323 1273 σοι
1341 1217 1612 1289 μὴκαλῶς
1631 1222 1783 1274 δοκεῖ
1808 1223 1951 1291 εἰρη-

286 1303 467 1367 κέναι;
506 1299 682 1365 ἄλλως
700 1322 757 1355 τε
778 1299 960 1371 ἐπειδὴ
993 1302 1083 1355 καὶ
1104 1299 1260 1355 αὐτοὶ
1278 1306 1636 1371 λελείμμεθα,
1673 1305 1729 1358 οἳ
1743 1299 1950 1372 μάλιστ’

288 1379 358 1437 ἂν
386 1381 879 1453 ἄντιποιησαίμεθα
907 1393 1146 1453 μετεῖναι
1173 1379 1304 1452 ἡμῖν
1322 1389 1416 1452 τῆς
1435 1384 1496 1437 ἐν
1517 1388 1817 1454 φιλοσοφίᾳ
1839 1386 1950 1438 δια

286 1470 487 1536 τριβῆς

428 1550 552 1600 ΣΩ.
606 1545 714 1599 Καὶ
733 1545 870 1616 μήν,
893 1567 935 1599 ω
958 1543 1181 1615 Εὕδικε,
1216 1549 1329 1599 ἔστι
1347 1542 1392 1615 γ’
1415 1543 1448 1600 ἁ
1438 1541 1687 1616 ἡδέως
1660 1543 1731 1601 α“ν
1750 1551 1955 1601 πυθοί-

292 1650 401 1699 μην
421 1625 632 1683 Ιππίου
664 1620 745 1681 ὦν
763 1632 872 1682 νῦν
891 1625 957 1698 δὴ
990 1631 1137 1696 ἔλεγε
1166 1627 1287 1698 περὶ
1311 1625 1566 1698 Ὀμήρου.
1607 1630 1697 1682 καὶ
1727 1627 1829 1702 γὰρ
1860 1633 1961 1683 τοῦ

291 1718 394 1766 σοῦ
414 1710 620 1781 πατρὸς
641 1707 992 1781 Ἀπημάντου
1011 1709 1246 1782 ἤκουον,
1274 1708 1409 1781 ὅτιὴ
1444 1709 1602 1775 Ἰλιὰς
1622 1712 1848 1768 κάλλιον
1878 1720 1961 1784 εἴη

290 1798 496 1863 ποίημα
525 1798 602 1865 τῷ
626 1789 839 1865 Ὁμήρῳ
867 1787 904 1862 ἦ
934 1790 966 1862 ἡ
1001 1790 1316 1860 Ὀδύσσεια,
1349 1792 1597 1866 τοσούτῳ
1629 1793 1687 1848 δὲ
1715 1793 1962 1863 κάλλιον,

291 1872 404 1947 ὅσῳ
425 1870 667 1943 ἀμείνων
680 1870 952 1942 Ἀχιλλεύς
965 1871 1268 1938 Ὀδυσσέως
1290 1881 1370 1944 εἴη
1385 1897 1396 1908 ·
1426 1874 1687 1945 ἑκάτερον
1704 1874 1811 1946 γὰρ
1829 1874 1959 1931 τού-

291 1978 404 2012 των
437 1962 567 2026 [τῶν
602 1955 938 2027 ποιημάτων]
973 1954 1032 2011 τό
1066 1955 1170 2026 μὲν
1199 1960 1273 2021 εἰς
1299 1955 1562 2012 Ὀδυσσέα
1593 1962 1697 2028 ἔφη
1731 1965 1962 2030 πεποιῆ-

293 2049 455 2110 σθαι,
494 2037 555 2094 τὸ
592 2036 643 2092 δ’
676 2043 752 2103 εἰς
775 2037 1029 2108 Ἀχιλλέα.
1074 2040 1198 2111 περὶ
1218 2040 1432 2094 ἐκείνου
1450 2032 1555 2094 οὖν
1572 2036 1743 2110 ἡδέως
1772 2039 1872 2111 ἄν,
1913 2044 1962 2094 εἰ

293 2120 616 2193 βουλομένῳ
645 2119 793 2174 ἐστὶν
811 2116 1019 2193 Ἱππία,
1042 2116 1456 2190 ἆναπυθοίμην,
1476 2118 1625 2184 ὅπως
1643 2118 1794 2194 αὐτῷ
1816 2124 1962 2176 δοκεῖ

295 2203 419 2272 περὶ
447 2213 565 2255 τοῖν
595 2197 826 2269 ἀνδροῖν
852 2200 1100 2270 τούτοιν,
1134 2201 1369 2271 πότερον
1389 2198 1595 2272 ἀμείνω
1614 2204 1785 2273 φησὶν
1806 2201 1962 2274 εἶναι,

294 2281 478 2353 ἐπειδὴ
503 2285 591 2337 καὶ
623 2280 761 2337 ἄλλα
787 2280 964 2338 πολλοὶ
994 2284 1084 2338 καὶ
1104 2280 1425 2338 παντοδαπὰ
1450 2280 1582 2352 ἡμῖν
1602 2284 1962 2338 ἐπιδέδεικται

294 2365 386 2420 καὶ
407 2365 530 2435 περὶ
549 2371 794 2435 ποιητῶν
815 2386 873 2419 τε
894 2363 1078 2420 ἄλλων
1096 2366 1186 2420 καὶ
1206 2365 1329 2435 περὶ
1349 2362 1609 2435 Ὀμήρου.

433 2453 492 2501 ΙΙ.
565 2452 675 2501 ΕΤ.
729 2445 886 2503 Ἀλλᾶ
907 2451 1080 2517 δῆλον
1098 2444 1182 2503 ὅτι
1204 2445 1273 2503 οὐ
1294 2446 1572 2518 φθονήσει
1599 2445 1834 2516 Ἱππίας,
1868 2444 1962 2501 ἐάν

295 2547 347 2581 τι
365 2525 538 2582 αὐτὸν
557 2530 789 2600 ἐρωτᾷς,
822 2525 1240 2597 ἀποκρίνεσθαι.
1289 2523 1324 2599 ἦ
1345 2527 1478 2598 γάρ,
1502 2521 1546 2582 ὦ
1563 2525 1767 2597 Ἱππία,
1798 2525 1899 2582 ἐοὶν
1916 2548 1962 2583 τι

297 2609 475 2679 έρωτα
494 2623 555 2662 σε
574 2610 904 2680 Σωκράτης,
924 2607 1235 2679 αποκρινεῖ;
1267 2606 1304 2680 ἦ
1323 2615 1439 2673 πῶς
1457 2607 1726 2678 ποιήσεις;

436 2693 536 2744 ΙΠ.
593 2692 702 2743 Καὶ
724 2711 831 2759 γαρ
852 2687 923 2744 ἄν
942 2688 1094 2745 δεινα
1114 2696 1348 2761 ποιοίην,
1371 2711 1414 2745 ω
1395 2683 1664 2760 ³Evdms,
1699 2694 1748 2745 εἰ
1769 2688 1962 2761 Ὀλυμ-

297 2774 447 2836 πίαζε
484 2792 585 2841 μεν
624 2775 699 2834 εἰς
734 2769 835 2841 τὴν
873 2792 987 2826 των
1014 2769 1295 2843 Ἑλλήνων
1336 2770 1675 2841 πανήγυριν,
1725 2769 1860 2826 ὅταν
1894 2791 1962 2828 τα
