1962 3112
1636 27 1906 123 453ᾸᾸ

68 211 348 277 Αἰγυπτοί
359 227 419 262 τε
437 208 532 262 καὶ
543 207 758 262 Δαναοὶ
776 202 907 261 οὐδὲ
918 203 1078 261 ἄλλοι
1095 208 1288 262 πολλοὶ
1301 204 1582 283 φύσειμὲν
1597 205 1743 279 βάρ·

67 295 234 360 βαροι
250 287 434 359 ὄντες,
473 288 628 362 νόμῳ
647 288 707 344 δὲ
730 285 1012 358 ‘'EN-vves,
1050 293 1411 343 συνοικοῦσιν
1429 285 1588 359 ἡμῖν,
1625 285 1741 343 ἀλλ’

68 368 225 426 αὐτοὶ
243 368 530 441 Ἕλληνες,
568 368 638 425 οὐ
655 371 1053 441 μιξοβάρβαροι
1074 374 1363 440 οἰκοῦμεν,
1397 367 1538 426 ὅθεν
1559 377 1744 424 καθα-

68 450 172 522 ρὸν
198 450 259 507 τὸ
290 466 448 524 μῖσος
482 455 734 524 ἐντέτηκε
765 460 834 525 τῇ
861 454 1016 508 πόλει
1045 459 1141 523 τῆς
1180 453 1471 523 ἀλλοτρίας
1500 453 1740 524 φύσεως.

10 582 17 586 .
67 531 215 604 ὅμως
236 528 406 590 δὀὖν
425 536 789 606 ἐμονώθημεν
809 535 977 589 πάλιν
997 533 1084 589 διά
1106 533 1166 589 τὸ
1189 533 1262 605 μὴ
1285 537 1499 591 ἐθέλειν
1514 534 1744 606 αἰσχρὸν

66 611 157 671 καὶ
186 614 417 672 ἀνόσιον
444 621 608 687 ἔργον
649 617 994 687 ἐργάσασθαι
1016 615 1283 687 Ἕλληνας
1317 617 1621 689 βαρβάροις
1649 618 1741 672 ἐκ·
1771 633 1806 676 Ε

3 759 7 762 ,
68 697 273 763 δόντες.
326 697 586 762 ἐλθόντες
615 692 719 753 οὖν
749 704 825 762 εἰς
853 696 1053 768 ταύτά,
1096 701 1151 764 ἐξ
1173 693 1254 754 ὦν
1272 701 1363 755 καὶ
1381 698 1443 755 τὸ
1467 700 1742 770 πρότερον

67 780 621 853 κατεπολεμήθημεν,
660 778 769 835 σὺν
790 787 905 854 θεῷ
927 779 1159 851 ἄμεινον
1177 777 1213 850 ἢ
1234 781 1358 836 τότε
1379 783 1626 851 ἐθέμεθα
1643 781 1743 836 τὸν

76 863 334 934 τόλεμον·
372 865 461 918 καὶ
490 860 599 934 γὰρ
628 869 768 927 ναῦς
789 862 878 916 καὶ
900 868 1044 932 τείχη
1068 866 1283 933 ἔχοντες
1307 866 1398 918 καὶ
1427 861 1526 928 τὰς
1548 860 1745 934 ἡμετέ-

72 969 169 1015 ρας
196 943 383 1001 αὐτῶν
411 943 667 1008 ἀποικίας
698 941 1096 1015 ἀπηλλάγημεν
1126 951 1229 1000 τοῦ
1264 948 1512 1015 πολέμου
1549 943 1745 1015 [οὕτως

5 1099 11 1103 .
69 1027 360 1098 ἀγαπητῶς
379 1025 792 1097 ἀπηλλάττοντο
823 1028 911 1082 καὶ
944 1030 1000 1082 οἱ
1023 1030 1315 1097 πολέμιοι]·
1355 1024 1582 1096 ἀνδρῶν
1611 1029 1746 1098 μέν·

69 1132 153 1165 τοι
172 1109 406 1179 ἀγαθῶν
424 1110 515 1164 καὶ
534 1111 596 1164 έν
614 1109 790 1178 τούτῳ
811 1115 891 1181 τῷ
910 1113 1128 1181 πολέμῳ
1150 1109 1542 1180 ἐστερήθημεν,
1557 1115 1671 1163 τῶν
1688 1130 1746 1163 τε

73 1193 132 1246 ἐν
149 1195 416 1263 Κορίνθῳ
437 1191 798 1260 χρησαμένων
820 1193 1097 1262 δυσχωρίᾳ
1117 1191 1207 1244 καὶ
1228 1192 1291 1245 ἐν
1307 1194 1521 1262 Λεχαίῳ
1539 1193 1748 1259 προδο-

74 1278 188 1345 σίᾳ·
229 1269 435 1342 ἀγαθοὶ
467 1273 526 1326 δὲ
561 1274 652 1327 καὶ
682 1275 739 1326 οἱ
762 1273 989 1341 βασιλέα
1026 1272 1504 1341 ἐλευθερώσαντες
1540 1274 1630 1327 καὶ
1657 1275 1748 1327 ἐκ-
1775 1286 1859 1334 246

75 1354 336 1426 βαλόντες
362 1355 421 1409 ἐκ
450 1360 547 1424 τῆς
571 1353 851 1423 θαλάττης
870 1356 1364 1424 Λακεδαιμονίους·
1406 1346 1487 1409 οἶν
1518 1352 1623 1424 ἐγώ
1646 1354 1747 1424 μὲν

76 1434 214 1508 ὑμᾶς
233 1436 662 1508 ἀναμιμνήσκω,
703 1434 846 1507 ὑμᾶς
877 1438 935 1492 δὲ
967 1439 1161 1506 πρέπει
1191 1441 1542 1501 ξυνεπαινεῑν
1569 1458 1627 1491 τε
1655 1439 1748 1492 καὶ

78 1530 300 1589 κοσμεῖν
318 1518 606 1583 τοιούτους
625 1517 846 1586 ἄνδρας.

174 1637 179 1642 -
211 1605 389 1656 xvln.
462 1602 571 1656 Καὶ
600 1598 666 1655 τά
695 1599 796 1671 μὲν
817 1598 883 1670 δὴ
906 1604 1037 1669 ἔργα
1056 1606 1229 1654 ταῦτα
1250 1606 1362 1655 τῶν
1390 1600 1617 1671 ἀνδρῶν
1634 1608 1748 1656 τῶν

74 1683 277 1740 ἐνθάδε
305 1688 575 1753 κειμένων
604 1686 695 1738 καὶ
723 1690 837 1738 τῶν
866 1683 1079 1755 ἄλλων,
1119 1681 1241 1739 ὅσοι
1261 1682 1400 1754 ὑπὲρ
1419 1692 1515 1757 τῆς
1534 1685 1749 1751 πόλεως

74 1766 510 1837 τετελευτήκασι,
533 1765 709 1822 πολλὰ
729 1767 831 1837 μὲν
848 1765 914 1822 τά
937 1772 1196 1839 εἰρημένα
1218 1770 1309 1823 καὶ
1330 1768 1501 1839 καλά,
1525 1768 1669 1824 πολὺ
1690 1767 1742 1824 δ’

73 1855 150 1906 ἔτι
170 1856 337 1906 πλείω
350 1851 655 1905 καὶκαλλίω
670 1849 735 1904 τὰ
757 1848 1179 1921 ὑπολειπόμενα·
1196 1852 1394 1906 πολλαὶ
1405 1849 1512 1921 γὰρ
1526 1847 1748 1922 ἀνὴμέ-
1775 1865 1808 1905 Β

73 1952 164 1999 ραι
184 1933 274 1986 καὶ
295 1931 493 1996 νύκτες
512 1929 612 2002 οὐχ
634 1932 818 1987 ἱκαναὶ
837 1933 1087 2001 γένοιντο
1109 1938 1183 2004 τῷ
1204 1930 1268 1987 τά
1291 1932 1472 1987 πάντα
1491 1938 1750 2002 μέλλοντι

72 2018 368 2080 περαίνειν.
430 2013 646 2068 τούτων
684 2007 792 2068 οὖν
828 2012 929 2083 χρὴ
967 2017 1350 2085 μεμνημένους
1387 2026 1499 2077 τοῖς
1533 2013 1750 2068 τούτων

73 2093 321 2164 ἐκγόνοις
349 2092 507 2149 πάντ’
527 2093 707 2162 ἄνδρα
735 2095 1242 2160 παρακελεύεσθαι,
1284 2093 1470 2163 ὥσπερ
1502 2097 1564 2150 ἐν
1585 2098 1751 2150 πολέ-

72 2198 187 2249 μφ,
226 2176 300 2246 μή
337 2183 546 2232 λείπειν
575 2174 677 2247 τὴν
714 2176 868 2242 τάξιν
897 2178 998 2248 τήν
1036 2184 1150 2233 τῶν
1187 2179 1483 2248 προγόνων
1515 2176 1642 2248 μηδ’
1677 2183 1751 2243 εἰς

73 2256 317 2312 τούπίσω
337 2255 645 2327 ἀναχωρεῖν
665 2265 913 2323 εἴκοντας
932 2259 1090 2332 κάκῃ.
1149 2258 1253 2330 ἐγώ
1287 2260 1388 2330 μὲν
1409 2254 1515 2314 οὖν
1535 2261 1625 2315 καὶ
1646 2258 1751 2315 αύ-

72 2339 190 2407 τός,
230 2332 276 2394 ὦ
304 2343 494 2403 παῖδες
526 2337 751 2409 ἀνδρῶν
781 2339 1042 2411 ἀγαθῶν,
1079 2349 1188 2397 νῦν
1218 2364 1273 2397 τε
1304 2340 1748 2411 παρακελεύομαι

74 2422 164 2476 καὶ
195 2422 256 2475 ἐν
274 2427 350 2492 τῷ
381 2426 554 2492 λοιπῷ
586 2420 797 2494 χρόνῳ,
835 2422 981 2479 ὅπου
1011 2424 1085 2479 ἄν
1111 2446 1186 2497 τῳ
1218 2424 1535 2494 ἐντυγχάνω
1567 2421 1744 2493 ὑμῶν,
1780 2431 1811 2474 0

74 2504 165 2557 καὶ
186 2499 491 2572 ἀναμνήσω
513 2504 602 2557 καὶ
624 2505 1046 2576 διακελεύσομαι
1076 2514 1497 2576 προθυμεῖσθαι
1519 2503 1658 2560 εἶναι
1679 2502 1752 2568 ὡς

75 2581 333 2651 ἀρίστους
350 2604 360 2614 ·
397 2585 458 2638 ἐν
490 2585 547 2640 δὲ
568 2590 643 2657 τῷ
674 2585 907 2653 παρόντι
928 2588 1140 2652 δίκαιός
1171 2593 1279 2658 εἰμι
1300 2592 1488 2657 εἰπεῖν,
1509 2583 1546 2641 ὁὶ
1565 2589 1623 2641 oc
1643 2607 1750 2640 πα-

76 2666 226 2731 τέρες
244 2663 378 2735 ἡμῖν
399 2667 741 2737 ἐπέσκηπτον
770 2665 1133 2738 ἀπαγγέλλειν
1162 2681 1275 2733 τοῖς
1294 2675 1662 2739 λειπομένοις,
1703 2676 1755 2724 εἰ

0 2807 1 2825 ¹
80 2768 125 2801 τι
145 2746 432 2819 πάσχοιεν,
459 2747 619 2820 ἡνίκα
641 2751 990 2807 κινδυνεύειν
1011 2757 1253 2823 ἔμελλον.
1295 2753 1496 2822 φράσω
1518 2755 1574 2806 δὲ
1600 2749 1749 2822 ὑμῖν,
