1962 3112
1350 0 1434 20 vva<
1445 0 1962 33 w⁵v2⁴1aewmm

245 136 353 188 2⁰6
877 137 1356 187 ΠΛΑΤΩΝΟΣ
1886 148 1915 191 8

246 271 527 341 περιττόν·
583 273 830 341 διαφέρει
858 269 917 324 δὲ
944 275 1230 340 τοσοῦτον,
1253 268 1337 326 ὅτι
1371 273 1466 328 καὶ
1501 271 1639 343 πρὸς
1658 269 1798 328 αὐτὰ
1824 292 1914 328 και

245 375 384 423 προς
406 351 614 423 ἄλληλα
633 357 750 416 πῶς
767 355 876 422 ἔχει
893 351 1148 423 πλήθους
1167 354 1456 408 ἐπισκοπεῖ
1467 351 1527 408 τὸ
1550 352 1808 422 περιττὸν
1825 359 1914 411 καὶ

170 479 173 481 Α
246 434 307 492 τὰ
339 435 532 505 ἄρτιον
563 432 597 505 ἡ
626 434 924 506 λογιστική.
978 436 1071 490 καὶ
1091 443 1144 490 εἴ
1165 457 1245 499 τις
1259 433 1366 505 τὴν
1394 433 1767 507 ἀστρονομίαν
1786 435 1915 493 ἄνέ-

248 539 424 589 ροιτο,
462 520 600 586 ἐμοῦ
638 519 895 587 λέγοντος
933 516 1018 572 ὅτι
1055 519 1147 573 καὶ
1183 516 1321 589 αὕτη
1359 519 1505 593 λόγῳ
1541 527 1808 588 κυροῦται
1845 521 1912 575 τά

246 599 453 666 πάντα,
493 603 551 655 oc
566 599 623 656 δὲ
643 601 800 671 λόγοι
817 604 874 655 oc
887 607 983 671 τῆς
1012 598 1402 670 ἀστρονομίας,
1439 605 1489 655 εἰ
1515 607 1678 672 φαίη,
1719 604 1844 671 περὶ
1861 609 1916 658 τί

246 687 400 751 εἰσιν,
417 676 461 736 ὦ
473 682 795 752 Σωκρατες;
816 681 1010 754 εἴποιμ’
1025 679 1096 737 ὄίν
1107 681 1190 738 ὅτι
1202 684 1325 752 περὶ
1339 681 1442 754 τὴν
1452 690 1564 739 τῶν
1576 683 1796 754 ἄστρων
1809 707 1916 755 φο-

246 767 352 835 ρὰν
374 765 466 819 καὶ
485 762 646 834 ἡλίου
667 766 757 820 καὶ
780 766 1027 836 σελήνης,
1053 771 1167 828 πῶς
1187 763 1324 862 πρὸς
1345 764 1552 836 ἄλληλα
1574 767 1774 838 τάχους
1794 772 1913 838 ἔχει.

344 852 539 903 Γ.οΡ
592 846 802 918 Ὀρθως
818 869 881 917 γε
900 848 1078 917 λέγων
1098 846 1186 914 σύ,
1210 848 1252 901 ὦ
1265 845 1572 916 Σώκρατες.

185 946 214 987 D
386 934 511 984 ΣΩ.
534 928 646 985 Ἴθι
668 927 734 999 δὴ
755 930 846 983 καὶ
864 928 964 998 σύ,
1004 950 1046 982 ω
1066 934 1289 999 Γοργία.
1327 951 1583 1000 τυγχανει
1600 933 1702 1002 μὲν
1719 933 1826 1002 γὰρ
1847 936 1913 1004 δη

241 1009 275 1082 ἡ
311 1010 572 1083 ῥητορικὴ
614 1013 753 1066 οὐσα
781 1018 893 1066 τῶν
930 1010 1075 1084 λόγῳ
1118 1010 1184 1066 τοὶ
1215 1011 1395 1067 πάντα
1433 1017 1916 1084 διαπραττομένων

242 1115 300 1149 τε
318 1096 410 1149 καὶ
429 1095 793 1163 κυρουμένων
812 1099 1011 1163 [τις]·η
994 1086 1168 1162 γάρ·
1155 1135 1169 1159 ,

385 1182 543 1233 ΓΟΡ.
587 1175 741 1231 ’Ἐστι
759 1182 946 1230 ταῦτα.

386 1264 510 1314 ΣΩ.
547 1261 688 1328 Λέγε
713 1255 779 1328 δὴ
800 1264 912 1312 τῶν
930 1259 1054 1326 περὶ
1084 1264 1137 1312 τί
1146 1282 1158 1321 ;
1196 1263 1320 1313 *τί*
1339 1260 1451 1315 ἐστι
1479 1266 1643 1314 τοῦτο
1672 1267 1786 1315 τῶν
1815 1260 1916 1317 ὅν-

244 1364 374 1413 των,
397 1343 520 1410 περὶ
539 1334 611 1396 οὗ
629 1333 785 1395 οὗτοι
803 1343 860 1394 oc
873 1339 1030 1409 λόγοι
1048 1344 1185 1395 εἰσίν
1198 1383 1212 1409 ,
1233 1338 1314 1406 οἷς
1332 1339 1365 1412 ἡ
1386 1342 1645 1414 ῥητορικὴ
1667 1351 1859 1414 χρῆται
1878 1368 1896 1410 ;

335 1454 341 1459 ·
383 1430 539 1480 ΓΟΡ.
583 1421 664 1478 Τὰ
691 1424 916 1493 μέγιστα
941 1428 1055 1477 τῶν
1082 1421 1452 1494 ἀνθρωπείων
1472 1425 1838 1494 πραγμάτων,
1872 1420 1917 1481 ὦ

245 1508 554 1576 Σώκρατες,
576 1506 667 1560 καὶ
685 1503 897 1572 ἄριστα.

387 1596 495 1647 Vll.
570 1594 694 1645 ΣΩ.
743 1586 898 1656 Ἀλλ’,
948 1580 994 1641 ὦ
1026 1593 1258 1658 Γοργία,
1308 1588 1789 1660 ἀμφισβητήσιμον
1827 1593 1916 1646 καὶ

187 1691 219 1729 E
247 1678 410 1728 τοῦτο
432 1676 604 1743 λέγεις
625 1674 716 1727 καὶ
738 1668 904 1726 οὐδέν
926 1691 1010 1724 πω
1030 1672 1215 1739 σαφές.
1269 1679 1453 1741 οἴομαι
1470 1671 1577 1741 γάρ
1602 1688 1662 1726 σε
1681 1669 1915 1742 ἀκηκοέ-

245 1777 338 1810 ναι
361 1757 421 1810 έν
439 1769 552 1821 τοῖς
567 1759 891 1824 συμποσίοις
904 1752 1159 1824 ᾀδόντων
1177 1751 1496 1822 ἀνθρώπων
1515 1759 1679 1809 τοῦτο
1697 1753 1758 1809 τό
1781 1771 1914 1809 σκο-

245 1836 392 1904 λιόν,
431 1841 492 1892 έν
526 1831 570 1912 ᾦ
605 1842 1077 1905 καταριθμοῦνται
1113 1834 1357 1907 ᾄδοντες,
1396 1835 1479 1892 ὅτι
1513 1837 1781 1906 ὑγιαίνειν
1816 1836 1916 1907 μὲν

249 1918 478 1989 ἄριστόν
497 1922 636 1989 ἐστι,
667 1918 728 1973 τὸ
752 1917 810 1972 δὲ
831 1917 1094 1985 δεύτερον
1113 1916 1284 1972 καλὸν
1303 1922 1592 1989 γενέσθαι,
1630 1926 1815 1986 τρίτον
1835 1923 1912 1990 δέ,

249 2000 323 2066 ὥς
343 2018 513 2072 φησιν
533 1999 561 2056 ὁ
583 1998 808 2071 ποιητὴς
826 2005 926 2055 τοῦ
946 2006 1195 2068 σκολιοῦ,
1217 1997 1276 2053 τὸ
1300 2006 1558 2056 πλουτεῖν
1580 1999 1806 2065 οἷδόλως.

385 2090 436 2140 Γ
436 2091 539 2139 ΟΡ.
572 2083 807 2156 Ἀκήκοα
826 2082 932 2154 γάρ
946 2104 957 2115 ·
993 2080 1131 2137 ἀλλὰ
1152 2080 1288 2151 πρὸς
1309 2087 1365 2136 τί
1376 2089 1537 2137 τοῦτο
1557 2086 1758 2153 λέγεις;

136 2177 217 2222 452
388 2173 511 2222 ΣΩ.
559 2165 677 2223 Ὅτι
706 2182 794 2220 σοι
832 2162 1002 2220 αὐτίκ’
1027 2160 1098 2219 ἄν
1126 2177 1462 2234 παρασταῖεν
1496 2168 1554 2219 oc
1587 2167 1913 2236 δημιουργοὶ

248 2247 463 2304 τούτων
482 2242 564 2303 ὦν
581 2247 847 2319 ἐπῄνεσεν
877 2244 905 2302 ὁ
928 2249 987 2302 τό
1010 2244 1235 2302 σκολιὸν
1255 2246 1510 2317 ποιήσας,
1543 2248 1728 2316 ἰατρός
1748 2269 1805 2302 τε
1825 2250 1914 2302 καὶ

247 2334 598 2402 παιδοτρίβης
638 2332 727 2386 καὶ
763 2327 1152 2401 χρηματιστής,
1194 2331 1285 2383 καὶ
1322 2337 1463 2384 εἴποι
1493 2335 1714 2398 πρῶτον
1742 2330 1845 2398 μὲν
1884 2327 1912 2383 ὁ
1946 2339 1962 2379 Α

244 2411 431 2483 ἰατρὸς
459 2412 543 2467 ὅτι
573 2405 617 2466 ὦ
644 2413 968 2481 Σώκρατες,
1013 2414 1250 2484 ἐξαπατᾷ
1294 2428 1353 2466 σε
1382 2416 1646 2481 Γοργίας·
1703 2410 1771 2464 οὐ
1806 2410 1911 2480 γάρ
1956 2413 1961 2464 ι’

246 2491 450 2565 ἐστινὴ
479 2495 682 2550 τούτου
711 2498 869 2565 τέχνη
901 2498 1024 2564 περὶ
1051 2494 1111 2550 τὸ
1144 2497 1402 2565 μέγιστον
1432 2492 1651 2564 ἀγαθὸν
1680 2505 1792 2558 τοῖς
1811 2491 1912 2548 οἷν-

243 2575 521 2645 θρώποις,
559 2575 671 2632 ἀλλ’
693 2575 725 2648 ἡ
749 2578 863 2648 ἐμή,
921 2583 971 2633 εἰ
995 2572 1102 2632 οὖν
1131 2574 1304 2632 αὐτὸν
1332 2574 1438 2645 ε’γω
1468 2578 1722 2645 ἐροίμην·
1760 2573 1830 2629 σύ
1851 2577 1911 2632 δὲ

244 2664 324 2724 τίς
343 2653 424 2713 ὢν
442 2666 614 2715 ταῦτα
637 2663 839 2730 λέγεις;
874 2668 1016 2717 εἴποι
1035 2657 1107 2716 ἄν
1127 2667 1256 2724 ἴσως
1276 2657 1360 2714 ὅτι
1379 2657 1577 2728 ἰατρός.
1627 2661 1682 2712 τί
1696 2650 1801 2711 οὖν
1820 2660 1911 2713 λέ·-
1942 2708 1947 2733 ¹,

243 2762 386 2811 γεις;
423 2734 459 2811 ἦ
475 2741 536 2796 τὸ
568 2748 665 2812 τῆς
682 2749 781 2812 σῆς
810 2745 998 2813 τέχνης
1018 2747 1182 2814 ἔργον
1211 2739 1469 2811 μέγιστόν
1490 2741 1639 2795 ἐστιν
1659 2737 1911 2808 ἀγαθόν,
1943 2744 1945 2746 ’

245 2829 362 2889 πῶς
378 2823 486 2894 γὰρ
508 2823 605 2895 οὔ,
645 2830 780 2895 φαίη
799 2821 872 2879 ὄὶν
900 2833 1059 2896 ἴσως,
1100 2817 1145 2879 ὦ
1163 2823 1488 2894 Σώκρατες,
1527 2820 1732 2892 ὑγίεια;
1784 2819 1910 2877 τίδ’
1939 2832 1941 2840 ⁴
