1962 3112
212 131 316 181 322
824 129 998 176 HAA
1017 93 1298 176 ΤΩΝΟΣ
1797 134 1879 179 124

215 264 490 335 ὑπέλαβεν
516 259 545 317 ὁ
577 264 822 332 ἐρωτῶν,
863 259 1099 329 πότερον
1127 258 1186 314 τὸ
1215 256 1418 314 λευκὸν
1451 258 1641 329 χρῶμά
1670 261 1818 315 ἐστιν
1845 255 1881 329 ἢ

215 343 406 417 χρῶμά
434 365 513 409 τις
553 341 696 406 εἶπες
726 337 798 396 ἂν
829 339 913 396 ὅτι
932 339 1124 411 χρῶμά
1141 361 1217 410 τι,
1257 338 1394 395 διότι
1413 342 1501 396 καὶ
1521 338 1659 395 ἄλλα
1678 340 1879 409 τυγχά-

216 449 300 482 νει
318 448 478 492 οντα;

355 513 541 564 ΜΕΝ.
580 504 804 576 ’Έγωγέ

356 595 482 646 ΣΩ.
547 591 653 643 Καὶ
692 595 744 644 εἴ
773 589 840 657 γέ
871 603 931 641 σε
970 588 1182 641 ἐκέλευε
1220 586 1399 654 λέγειν
1435 583 1573 639 ἄλλα
1607 583 1880 654 χρώματα,

154 684 188 725 D
218 677 397 742 ἔλεγες
425 667 495 726 ἂν
526 668 690 741 ἄλλα,
728 668 764 724 ὁὶ
793 666 959 724 οὐδὲν
986 661 1154 739 ἦττον
1179 665 1436 736 τυγχάνει
1466 664 1599 721 ὄντα
1628 662 1883 734 χρώματα

217 760 318 809 τοῦ
337 759 567 816 λευκοῦ;

357 840 543 891 ΜΕΝ.
600 838 727 889 Ναί.

357 923 482 973 ΣΩ.
535 920 608 971 Εἰ
634 917 739 969 οὐν
770 913 954 983 ω’σπερ
984 911 1091 984 ἐγω
1111 912 1295 985 μετῄει
1314 910 1413 966 τὸν
1429 909 1622 978 λόγον,
1657 909 1748 963 καὶ
1768 911 1883 962 ἔλε-

218 1022 317 1071 γεν
339 998 424 1055 ὅτι
443 996 526 1054 άεὶ
547 1002 622 1060 εἰς
642 993 816 1050 πολλὰ
846 993 1269 1066 ἀφικνούμεθα,
1310 990 1449 1047 ἀλλὰ
1478 989 1552 1061 μή
1582 1011 1672 1060 μοι
1691 987 1882 1059 ούτως,

222 1081 324 1138 ἀλλ
369 1077 552 1150 ἐπειδὴ
581 1101 646 1133 τα
678 1075 853 1132 πολλα
884 1083 1056 1132 ταῦτα
1077 1077 1162 1131 ἑνί
1180 1097 1288 1130 τινι
1307 1071 1735 1144 προσαγορεύεις
1753 1068 1886 1127 ὀνό-

221 1185 365 1234 ματι,
387 1162 477 1216 καὶ
497 1159 606 1234 φῂς
626 1156 791 1213 οὐδὲν
811 1156 997 1212 αὐτων
1017 1155 1046 1211 ὃ
1066 1179 1117 1211 τι
1137 1154 1204 1211 οὐ
1223 1163 1402 1226 σχῆμα
1421 1153 1586 1223 εἶναι,
1606 1155 1695 1208 καὶ
1713 1157 1886 1207 ταῦτα

222 1245 312 1300 καὶ
341 1241 610 1298 έναντία’
590 1242 724 1296 όντα
744 1238 1024 1309 ἀλλήλοις,
1065 1244 1119 1293 τί
1137 1242 1246 1292 ἔστι
1265 1243 1457 1304 τοῦτο,
1492 1233 1521 1289 ὃ
1541 1226 1759 1290 οὐὸεν
1727 1254 1885 1304 ηττον

223 1328 432 1396 κατέχει
459 1321 520 1379 τὸ
552 1321 892 1393 στρογγύλον
911 1317 947 1391 ἢ
966 1318 1025 1375 τὸ
1051 1317 1224 1388 εὐθύ,
1255 1315 1286 1373 ὂ
1306 1318 1371 1389 δὴ
1405 1316 1684 1389 ὀνομάζεις
1713 1321 1888 1385 σχῆμα

153 1421 187 1462 E
224 1409 315 1463 καὶ
346 1405 512 1462 οὐδεν
543 1411 752 1503 μᾶλλον
782 1402 892 1475 φῂς
920 1400 980 1457 τὸ
1012 1399 1355 1471 στρογγύλον
1386 1405 1561 1470 σχῆμα
1597 1396 1735 1453 εἶναι
1764 1391 1800 1466 ἢ
1827 1393 1887 1449 τὸ

226 1487 398 1551 εὐθύς
434 1484 471 1557 ἢ
491 1483 592 1557 οὐχ
611 1484 757 1540 οὕτω
777 1487 978 1555 λέγεις;

365 1573 549 1623 ΜΕΝ.
590 1565 811 1637 Ἔγωγε.

365 1657 489 1706 ΣΩ..
537 1644 653 1722 Αρ’
678 1670 809 1718 ουν,
833 1646 968 1702 ὅταν
988 1645 1134 1701 οὕτω
1154 1649 1336 1716 λέγῃς,
1358 1643 1479 1698 τότε
1500 1640 1664 1697 οὐδεν
1684 1645 1894 1711 μᾶλλον

229 1732 338 1805 φῂς
367 1730 428 1787 τὸ
462 1730 805 1799 στρογγύλον
836 1727 973 1783 εἶναι
1002 1733 1345 1798 στρογγύλον
1373 1721 1410 1796 ἦ
1450 1721 1624 1793 εὐθύ,
1665 1719 1794 1777 οὐδε
1831 1719 1890 1776 τὸ

230 1812 376 1870 εὐθὺ
399 1810 543 1868 εὐθὺ
562 1807 597 1881 ἢ
618 1809 993 1879 στρογγύλους

370 1896 555 1948 ΜΕΝ.
616 1888 700 1946 Οὐ
721 1889 928 1960 δήπου,
962 1912 1004 1943 ω
1025 1887 1330 1958 Σώκρατες.

370 1978 493 2030 ΣΩ.
542 1970 702 2027 Ἀλλὰ
724 1970 835 2042 μὴν
855 1971 1031 2043 σχῆμά
1049 1994 1110 2041 γε
1136 1970 1302 2027 οὐδὲν
1319 1976 1531 2042 μᾶλλον
1551 1966 1659 2041 φῂς
1678 1966 1814 2022 εἶναι
1832 1963 1892 2019 τὸ

230 2054 575 2129 στρογγύλον
594 2058 693 2108 τοῦ
714 2050 936 2124 εὐθέος,
969 2051 1176 2108 οὐδὲτὸ
1196 2054 1386 2125 ἕτερον
1401 2057 1504 2107 τοῦ
1524 2051 1725 2121 ἑτέρου.

368 2143 553 2193 ΜΕΝ.
603 2134 806 2206 Ἀληθῆ
826 2138 1010 2205 λέγεις.

368 2225 476 2277 Vll.
548 2223 672 2274 Σῼ.
732 2223 801 2273 Τι’
816 2238 945 2272 ποτε
965 2212 1072 2272 οὖν
1090 2223 1250 2272 τοῦτο
1265 2258 1280 2286 ,
1314 2208 1386 2270 οὗ
1407 2221 1570 2270 τοῦτο
1591 2210 1766 2282 ὄνομά
1787 2213 1894 2266 ἐστι

232 2300 294 2358 τὸ
320 2307 519 2372 σχῆμα;
541 2305 712 2371 πειρῶ
731 2303 924 2369 λέγειν.
948 2303 997 2354 εἰ
1014 2291 1120 2353 οὖν
1139 2304 1218 2370 τῷ
1236 2300 1506 2365 ἐρωτῶντι
1526 2292 1700 2358 οὕτως
1717 2316 1749 2363 η
1729 2289 1894 2359 ”περὶ

153 2395 206 2443 75
233 2382 503 2454 σχήματος
520 2377 556 2452 ἢ
575 2381 858 2452 χρώματος
879 2378 1021 2444 εἶπες
1040 2378 1123 2434 ὅτι
1142 2375 1263 2434 ἀλλ’
1286 2377 1415 2433 οὐδε
1435 2374 1707 2447 μανθάνω
1727 2377 1895 2443 ἔγωγε

233 2486 262 2519 ο
282 2487 333 2519 τι
351 2463 568 2535 βούλει,
613 2485 654 2518 ω
684 2462 980 2530 ἄνθρωπε,
1021 2459 1150 2515 οὐδε
1180 2457 1342 2514 οἶδα”’
1319 2457 1354 2513 ο’
1369 2480 1420 2513 τι
1438 2458 1636 2527 λέγεις·
1676 2462 1805 2518 ἴσως
1825 2449 1897 2506 ἂν

228 2545 513 2615 ἐθαύμασε
531 2545 622 2600 καὶ
651 2541 928 2598 εἶπεν·ού
947 2541 1278 2612 μανθάνεις,
1319 2538 1403 2594 ὅτι
1422 2542 1559 2608 ζητω
1575 2534 1636 2591 τὸ
1659 2535 1744 2589 ἐπὶ
1763 2551 1897 2588 πασι

230 2626 446 2690 τούτοις
464 2624 693 2689 ταύτόν;
729 2620 767 2695 ἦ
794 2622 923 2680 οὐδὲ
951 2625 1036 2679 ἐπὶ
1054 2623 1294 2692 τούτοις,
1325 2643 1367 2677 ω
1396 2621 1632 2687 Μένων,
1665 2621 1804 2686 ἔχοις
1825 2637 1898 2670 αν

230 2712 420 2775 εἰπεῖν,
441 2714 498 2762 εἴ
508 2728 587 2770 τις
604 2706 847 2780 ἐρωτῴη·
870 2710 924 2760 τί
940 2707 1086 2760 ἐστιν
1101 2706 1187 2760 ἐπὶ
1201 2710 1279 2776 τῷ
1298 2698 1616 2772 στρογγύλῳ
1634 2718 1722 2752 και
1743 2694 1901 2751 εὐθεῖ

228 2789 320 2846 καὶ
339 2789 425 2846 ἐπὶ
443 2799 555 2852 τοῖς
576 2785 777 2855 ἄλλοις,
801 2809 835 2840 α
826 2784 916 2857 δὴ
933 2785 1180 2857 σχήματα
1191 2789 1389 2852 καλεῖς,
1410 2777 1614 2836 ταύτὸν
1633 2779 1716 2834 ἐπὶ
1739 2784 1895 2833 πᾶσι
1884 2817 1896 2841 ,
1960 2798 1962 2846 3
