1962 3112
156 147 257 200 182
759 152 1234 200 ΠΛΑΤΩΝΟΣ
1270 174 1274 177 -
1449 183 1451 185 -
1767 163 1824 207 94

156 285 247 339 καὶ
267 283 356 339 διὰ
377 291 473 355 τῆς
491 287 718 340 ἐκείνων
756 289 949 355 φωνῆς
986 281 1243 353 ἀλλήλοις
1279 287 1551 342 σύνεισιν·
1601 287 1746 342 ὅπου
1767 291 1825 343 δὲ

155 367 310 421 καλοὶ
333 364 573 436 κάγαθοὶ
593 365 866 436 συμπόται
885 366 976 420 καὶ
991 370 1417 437 πεπαιδευμένοι
1437 373 1601 438 εἰσίν,
1625 367 1728 425 ούκ
1753 365 1825 423 ἂν

155 453 292 512 ἴδοις
321 446 428 501 οὔτ’
455 445 784 517 αὐλητρίδας
814 445 941 501 οὔτε
980 443 1338 518 ὀρχηστρίδας
1376 450 1502 506 οὔτε
1543 445 1822 520 ψαλτρίας,

155 527 268 583 ἀλλ’
293 526 498 592 αὐτοὺς
519 526 702 592 αὑτοῖς
729 526 958 592 ἱκανοὺς
979 526 1141 592 ὄντας
1172 542 1422 585 συνεῖναι
1441 531 1576 586 ἄνευ
1594 540 1706 588 τῶν
1725 533 1825 605 λη’-

156 633 272 678 ρων
289 631 346 665 τε
365 612 454 664 καὶ
477 613 714 664 παιδιῶν
731 608 945 664 τούτων
967 608 1056 664 διὰ
1072 618 1166 681 τῆς
1186 609 1371 666 αὑτῶν
1391 621 1580 684 φωνῆς
1594 657 1607 679 ‚
1629 617 1823 683 λέγον-
1959 634 1962 709 Ι

154 693 251 758 τάς
270 715 326 747 τε
346 694 437 747 καὶ
457 690 764 755 ἀκούοντας
786 694 843 746 ἐν
860 697 1010 761 μέρει
1030 694 1243 747 ἑαυτῶν
1261 700 1525 766 κοσμίως,
1548 691 1654 750 κάν
1674 695 1824 750 πάνυ

90 793 120 832 Ε
156 775 336 829 πολὺν
366 772 521 829 οἶνον
552 779 763 828 πίωσιν.
826 772 970 828 οὕτω
1005 773 1172 829 δὲκαὶ
1196 778 1256 829 αἰ
1282 779 1483 830 τοιαίδε
1513 782 1821 847 συνουσίαι,

154 857 251 911 ἐὰν
279 860 380 927 μὲν
400 857 677 928 λάβωνται
697 855 939 926 ἀνδρῶν,
962 853 1172 925 οἷοίπερ
1192 854 1352 927 ἡμῶν
1370 861 1427 912 οἱ
1441 864 1639 913 πολλοί
1653 876 1823 927 φασιν

155 938 311 1007 εἶναι,
335 937 501 994 οὐδὲν
523 942 738 994 δέονται
758 937 1046 1007 ἀλλοτρίας
1067 945 1258 1009 φωνῆς
1277 936 1410 994 οὐδὲ
1430 945 1702 1011 ποιητῶν,
1727 938 1825 1004 οὓς

155 1018 283 1075 οὔτε
302 1018 601 1089 ἀνερέσθαι
621 1015 743 1074 οἷόν
759 1016 800 1073 τ’
821 1021 930 1074 ἐστὶ
951 1020 1074 1087 περὶ
1095 1013 1174 1073 ῶν
1194 1023 1475 1089 λέγουσιν,
1497 1021 1830 1091 ἐπαγόμενοί

154 1124 210 1156 τε
232 1099 438 1166 αὐτοὺς
467 1106 522 1156 oc
549 1102 743 1156 πολλοὶ
763 1103 823 1154 ἐν
850 1112 962 1164 τοῖς
981 1101 1164 1170 λόγοις
1185 1104 1241 1155 οἱ
1256 1103 1356 1171 μὲν
1375 1102 1547 1156 ταῦτά
1572 1118 1708 1172 φασι
1725 1100 1843 1158 τὸν

153 1181 386 1253 ποιητὴν
405 1195 582 1252 νοεῖν,
605 1186 660 1236 οἱ
677 1180 724 1235 δ’
751 1183 934 1252 ἕτερα,
971 1184 1094 1252 περὶ
1114 1183 1429 1253 πράγματος
1450 1185 1825 1255 διαλεγόμενοι

154 1263 185 1320 ὃ
204 1264 577 1320 ἀδυνατοῦσιν
608 1265 900 1331 ἐξελέγξαι·
939 1261 1075 1317 άλλά
1095 1261 1192 1327 τὰς
1221 1264 1321 1334 μὲν
1341 1265 1594 1329 τοιαύτας
1616 1282 1825 1321 συνου-

39 1363 128 1408 348
158 1352 275 1410 σίας
294 1347 423 1400 ἐῶσι
442 1350 677 1416 χαίρειν,
701 1343 856 1399 αὐτοὶ
877 1342 928 1398 δ’
951 1345 1163 1408 ἑαυτοῖς
1183 1345 1397 1400 σύνεισι
1420 1344 1482 1401 δι’
1506 1349 1733 1418 ἑαυτῶν,
1765 1350 1825 1402 ἐν

157 1440 267 1491 τοῖς
286 1428 499 1482 ἑαυτῶν
526 1427 712 1495 λόγοις
731 1437 929 1495 πεῖραν
958 1425 1211 1495 ἀλλήλων
1242 1428 1615 1498 λαμβάνοντες
1633 1431 1722 1482 καὶ
1741 1432 1825 1483 δι·-

156 1509 359 1574 δόντες.
417 1507 547 1572 τοὺς
575 1507 864 1571 τοιούτους
892 1529 986 1578 μοι
1017 1512 1168 1563 δοκεῖ
1195 1515 1393 1578 χρῆναι
1412 1515 1625 1578 μᾶλλον
1645 1521 1824 1579 μιμεῖ-

156 1599 292 1645 σθαι
312 1591 406 1661 ἐμέ
421 1612 477 1644 τε
497 1591 587 1644 καὶ
609 1592 686 1659 σέ,
708 1592 1121 1659 καταθεμένους
1139 1589 1269 1654 τοὺς
1289 1588 1515 1660 ποιητὰς
1534 1589 1738 1655 αὐτοὺς
1757 1589 1821 1644 δι’

153 1672 312 1745 ἡμῶν
331 1672 517 1727 αὐτῶν
548 1669 684 1740 πρὸς
704 1670 977 1741 άλλήλους
1008 1693 1138 1736 τους
1167 1672 1366 1741 λόγους
1385 1679 1691 1741 ποιεῖσθαι,
1730 1679 1822 1742 τῆς

155 1754 418 1825 ἀληθείας
438 1756 524 1807 καὶ
546 1751 704 1823 ἡμῶν
725 1752 911 1807 αὐτῶν
929 1765 1125 1822 πεῖραν
1158 1753 1566 1824 λαμβάνοντας
1601 1776 1708 1808 καν
1724 1776 1824 1824 μεν

155 1836 368 1909 βούλῃ’
349 1841 425 1890 έτι
446 1838 673 1907 ἐρωτᾶν,
711 1834 927 1937 ἕτοιμός
946 1839 1055 1904 εἰμί
1072 1853 1159 1889 σοι
1179 1837 1433 1903 παρέχειν
1454 1833 1822 1905 ἀποκρινόμε-

154 1939 277 1982 νος·
317 1915 416 1973 ἐαν
445 1917 502 1972 δε
532 1916 734 1987 βούλῃ,
774 1915 845 1969 σύ
878 1918 995 1986 ἐμοὶ
1024 1915 1330 1985 παράσχες,
1370 1918 1492 1983 περὶ
1523 1918 1602 1969 ῶν
1622 1915 1822 1985 μεταξυ

98 2018 130 2056 Β
162 1999 525 2069 ἐπαυσάμεθα
549 1998 864 2067 διεξιόντες,
902 1998 1114 2061 τούτοις
1134 1998 1286 2060 τέλος
1305 1998 1592 2051 ἐπιθεῖναι.
1631 1998 1823 2065 λέγον-

154 2103 246 2145 τος
276 2084 382 2136 οὐν
415 2083 551 2151 ἐμου
571 2085 741 2134 ταῦτα
770 2081 860 2134 καὶ
887 2084 1112 2133 τοιαῦτα
1145 2078 1284 2132 άλλα
1314 2076 1482 2133 οὐδὲν
1503 2076 1774 2147 άπεσάφει
1795 2075 1823 2133 ὁ

154 2162 529 2232 Πρωταγόρας
548 2160 783 2229 ὁπότερα
814 2160 1046 2230 ποιήσοι.
1103 2158 1253 2214 εἶπεν
1289 2153 1394 2213 οὖν
1424 2157 1453 2214 6
1482 2157 1823 2230 Ἀλκιβιάδης

157 2242 294 2313 πρὸς
312 2242 412 2297 τὸν
431 2248 679 2298 Καλλίαν
698 2245 927 2313 βλέψας,
941 2234 1006 2295 Ὦ
1026 2246 1266 2312 Καλλία,
1291 2245 1444 2296 δοκεῖ
1458 2258 1562 2309 σοι,
1582 2244 1712 2310 ἔφη,
1735 2243 1823 2294 καὶ

156 2331 265 2380 νῦν
282 2331 463 2389 καλῶς
481 2325 858 2394 Πρωταγόρας
887 2335 1091 2394 ποιεῖν,
1130 2320 1233 2378 οὐκ
1268 2325 1479 2378 ἐθέλων
1517 2331 1622 2377 εἴτε
1661 2322 1822 2376 δώσει

155 2407 326 2476 λόγον
357 2414 462 2461 εἴτε
499 2406 571 2477 μὴ
610 2410 928 2474 διασαφεῖν;
967 2406 1084 2476 ἐμοὶ
1120 2406 1225 2475 γάρ
1258 2403 1326 2458 ού
1357 2408 1528 2458 δοκεῖ·
1569 2401 1680 2457 ἀλλ’
1702 2402 1820 2473 ἤτοι

157 2490 494 2556 διαλεγέσθω
515 2484 550 2557 ἦ
573 2490 762 2543 εἰπέτω
776 2486 860 2542 ὅτι
878 2485 980 2542 οὐκ
997 2490 1174 2542 ἐθέλει
1195 2490 1564 2555 διαλέγεσθαι,
1579 2488 1671 2539 ἵνα
1690 2484 1822 2538 τού-

155 2590 230 2641 τω
254 2569 353 2638 μὲν
374 2576 542 2623 ταῦτα
563 2574 927 2640 συνειδῶμεν,
968 2570 1270 2638 Σωκράτης
1290 2569 1348 2623 δὲ
1374 2567 1521 2639 ἄλλῳ
1542 2588 1616 2639 τῳ
1639 2569 1818 2621 διαλέ-

96 2672 126 2714 c
156 2671 316 2720 γηται
337 2645 369 2719 ἢ
391 2647 554 2713 ἄλλος
574 2648 721 2715 ὅστις
742 2647 813 2706 ἂν
833 2651 1100 2721 βούληται
1131 2649 1291 2721 ἄλλω.
1353 2649 1442 2702 καὶ
1465 2645 1493 2701 ὁ
1516 2645 1816 2714 Πρωταγό-

160 2751 259 2797 ρας
291 2735 607 2801 αἰσχυνθείς
621 2773 633 2798 ,
691 2729 765 2795 ὥς
799 2734 867 2800 γε’
881 2754 972 2801 μοι
1000 2735 1176 2799 ἔδοξε,
1229 2734 1327 2784 τοῦ
1364 2750 1420 2782 τε
1460 2727 1806 2799 Ἀλκιβιάδου

157 2818 329 2865 ταῦτα
355 2813 610 2878 λέγοντος
643 2815 730 2867 καὶ
762 2819 861 2866 τοῦ
891 2818 1133 2867 Καλλίου
1162 2811 1426 2879 δεομένου
1458 2811 1547 2864 καὶ
1588 2816 1699 2864 τῶν
1718 2807 1833 2863 ἄλ·
1902 2812 1907 2855 ἓ
1943 2874 1947 2885 .
