2020 3094
950 3 953 5 ·
977 0 1010 18 -c
1033 0 1718 39 ”zerravvfwfflfflfflwwvw
1839 31 1869 38 -.
1939 15 1977 34 ..ι

1783 65 1794 75 .

288 111 390 163 132
889 111 1060 158 HAA
1078 109 1364 158 mzvoz
1911 0 2020 178 44³

290 249 627 316 ταγέλαστοι.
675 244 794 314 ἐμοὶ
815 245 900 311 δέ,
924 235 970 296 αἶ
988 241 1310 312 Σώκρατες,
1341 239 1402 296 τὸ
1426 248 1648 314 πρᾶγμα
1669 244 1846 300 ἐδόκει
1865 234 1968 300 ούκ
2013 265 2020 317 ,ᾗ

225 334 258 377 Β
294 325 482 395 ὀρθῶς
501 327 692 395 ψέγειν
711 322 839 379 οὔθ’
860 319 1022 387 οὗτος
1041 321 1142 378 ούτ
1151 319 1243 378 ”εἰ
1253 344 1332 387 τις
1349 321 1515 389 α’λλος
1534 326 1813 396 ψέγει·τό
1835 327 1968 397 μέν·
2001 321 2020 394 3¹

292 431 378 464 τοι
406 408 622 463 ἐθέλειν
652 407 1005 475 διαλέγεσθαι
1031 403 1302 469 τοιούτοις
1331 406 1586 461 ἐναντίον
1612 413 1834 462 πολλῶν
1865 404 1968 461 ἀν-
2002 368 2020 550 ³

259 488 544 561 θρῶπων
564 487 752 558 ὀρθῶς
769 510 862 558 μοι
882 489 1061 543 ἐδόκει
1079 489 1414 558 μέμφεσθαι.
2007 486 2010 493 ’

433 576 612 626 XXXI
670 575 794 626 ΣΩ.
832 565 900 624 Ὦ
919 575 1159 639 Κρίτων,
1180 570 1490 639 θαυμάσιοί
1506 575 1643 625 εἰσιν
1662 573 1716 625 οἱ
1732 575 1969 625 τοιοῦτοι
2016 559 2020 592 3

292 652 507 721 ἄνδρες.
571 650 711 721 ἀτὰρ
733 651 890 707 οὔπω
912 650 1034 707 οἶδα
1053 649 1085 706 ὅ
1104 673 1155 705 τι
1170 653 1350 722 μέλλω
1370 653 1531 720 ἐρεῖν.
1572 655 1821 722 ποτέρων
1838 644 1912 722 ἦν
1932 648 1960 706 ὁ

291 733 629 802 προσελθών
649 749 738 788 σοι
752 734 840 788 καὶ
857 731 1209 803 μεμφόμενος
1223 732 1326 804 τὴν
1343 738 1708 804 φιλοσοφίαν;
1732 732 1968 799 πότερον

293 822 409 871 τῶν
426 813 812 886 ἀγωνίσασθαι
831 818 1032 869 δεινῶν
1051 815 1112 868 ἐν
1131 826 1246 879 τοῖς
1264 818 1649 885 δικαστηρίοις,
1671 813 1852 884 ῥήτωρ
1873 834 1968 882 τις,

295 892 332 967 ’ἦ
350 904 464 952 τῶν
481 896 612 962 τούς
630 896 917 961 τοιούτους
939 896 1372 969 εἰσπεμπόντων,
1395 894 1621 968 ποιητὴς
1639 903 1750 951 τῶν
1770 895 1967 965 λόγων,

295 976 373 1044 οἷς
396 1003 447 1035 οι
435 980 693 1051 ’ῥήτορες
714 978 1096 1049 αγωνίζονται·
1084 1019 1098 1044 ,

241 1072 272 1114 C
440 1069 548 1119 KP.
589 1062 822 1118 ‘'Hmo‘toc
841 1059 909 1132 νὴ
930 1061 1032 1116 τόν
1057 1067 1169 1116 Δία
1191 1061 1401 1132 ῥήτωρ,
1435 1059 1566 1117 οὐδὲ
1585 1059 1734 1131 οἶμαι
1763 1053 1967 1114 πώποτ’
2007 1031 2020 1135 i

296 1142 470 1200 αὐτὸν
489 1146 576 1201 ἐπὶ
599 1144 952 1215 δικαστήριον
971 1143 1401 1215 αναβεβηκέναι·
1433 1141 1545 1199 ἄλλ’
1568 1146 1778 1197 ἐπαΐειν
1798 1138 1972 1196 αὐτόν
2015 1149 2020 1166 ¹

294 1245 431 1298 φασι
454 1229 577 1298 περὶ
595 1233 696 1282 τοῦ
725 1226 1042 1297 πράγματος
1058 1223 1128 1295 νὴ
1149 1223 1250 1280 τὸν
1268 1231 1378 1280 Δία
1391 1227 1488 1280 καὶ
1509 1221 1695 1279 δεινόν
1721 1220 1861 1277 εἶναι
1879 1222 1971 1276 καὶ
2010 1222 2020 1295 3'

295 1308 514 1374 δεινοὺς
533 1310 734 1380 λόγους
755 1311 1092 1363 συντιθέναι.
2007 1297 2020 1388 ξ

438 1397 560 1448 ΣΩ.
603 1391 748 1463 ’Ήδη
783 1392 1082 1461 μανθανω·
1135 1392 1257 1457 περὶ
1295 1389 1511 1444 τούτων
1548 1390 1639 1444 καὶ
1669 1385 1836 1451 αὐτὸς
1865 1391 1972 1441 νῦν
2012 1395 2017 1397 “

301 1475 367 1546 δὴ
390 1479 618 1545 ἔμελλον
638 1477 833 1544 λέγειν.
869 1475 1023 1527 οὑτοι
1040 1494 1145 1542 γαρ
1171 1476 1274 1527 εἰσι
1292 1475 1412 1541 μέν,
1435 1493 1475 1525 ω
1498 1476 1735 1538 Κρίτων,
1751 1466 1849 1533 οὓς
1868 1468 2010 1539 ἔφη

297 1557 574 1625 Πρόδικος
603 1556 842 1627 μεθόρια
873 1555 1190 1626 φιλοσόφου
1219 1575 1276 1608 τε
1317 1550 1520 1620 ανδρός
1550 1554 1641 1608 καὶ
1670 1557 1967 1622 πολιτικοῦ,
2012 1558 2020 1594 ’ἱ

299 1649 510 1696 οἴονται
530 1639 747 1695 δἐἶναι
768 1641 994 1695 πάντων
1023 1627 1338 1734 σοφιότατοι
1369 1634 1717 1706 ανθρώπων,
1757 1632 1896 1703 πρὸς
1914 1632 1969 1688 δὲ

298 1745 374 1777 τω
396 1722 536 1778 εἶναι
554 1724 645 1779 καὶ
666 1727 849 1778 δοκεῖν
869 1743 1019 1777 πανυ
1038 1718 1189 1789 παρὰ
1209 1725 1455 1788 πολλοῖς,
1481 1717 1617 1773 ω’στε
1637 1738 1785 1786 παρα
1807 1722 1972 1771 πᾶσιν

229 1814 265 1853 D
301 1804 616 1874 εὐδοκιμεῖν
645 1804 903 1875 ἐμποδων
925 1810 1117 1874 σφίσιν
1149 1801 1289 1856 εἶναι
1307 1800 1540 1863 οὐδένας
1570 1798 1770 1863 α’λλους
1788 1795 1824 1869 ἢ
1845 1797 1974 1862 τοὺς

299 1887 423 1957 περὶ
443 1892 780 1957 φιλοσοφίαν
801 1885 1156 1954 ανθρώπους.
1196 1880 1462 1953 ἡγοῦνται
1481 1903 1603 1950 ουν,
1626 1879 1724 1935 ἐὰν
1743 1881 1973 1942 τούτους
1996 1940 1998 1942 ,

301 1972 376 2032 εἰς
398 1968 566 2032 δόξαν
581 1968 958 2038 καταστήσωσι
978 1966 1211 2038 μηδενὸς
1225 1968 1410 2020 δοκεῖν
1428 1961 1610 2028 αξίους
1626 1961 1782 2033 εἶναι,
1798 1960 1945 2031 ἀναμ
1959 2000 1974 2004 -

307 2050 655 2121 φισβητήτως
677 2049 779 2120 ἤδη
798 2047 946 2117 παρὰ
969 2054 1103 2103 πᾶσι
1131 2045 1198 2102 τοὶ
1227 2044 1515 2116 νικητήρια
1546 2049 1620 2109 εἰς
1642 2044 1808 2108 δόξαν
1828 2051 1975 2099 οῖ’σε-
1994 2050 1998 2058 ”

306 2141 443 2188 σθαι
463 2139 660 2204 σοφίας
681 2135 818 2202 πέρι.
872 2132 1012 2187 εἶναι
1031 2132 1132 2202 μὲν
1149 2129 1254 2201 γὰρ
1277 2138 1344 2202 τῇ
1362 2128 1598 2202 ἀληθείᾳ
1627 2134 1770 2197 σφοῖς
1789 2143 1966 2197 σοφω·
1995 2170 2000 2176 .

302 2214 530 2286 τοὲτους,
570 2217 630 2270 ἐν
651 2219 709 2271 δὲ
729 2228 842 2280 τοῖς
860 2219 1017 2278 ἰδίοις
1038 2214 1222 2283 λόγοις
1243 2212 1380 2268 ὅταν
1398 2211 1845 2282 ἀπολειφθεῖσιν,
1866 2206 1997 2264 ὑπὸ·

301 2302 417 2351 τῶν
432 2295 572 2367 ἀμφὶ
590 2294 944 2368 Εὐθύδημον
962 2296 1317 2352 κολούεσθαι.
1358 2295 1524 2365 σοφοὶ
1540 2295 1598 2349 δὲ
1615 2290 1881 2362 ἡγοῦνται
1901 2290 1995 2351 εῖ-Ἰ

303 2401 395 2434 ναι
430 2379 582 2433 πάνυ
619 2379 843 2444 εἰκότως
857 2402 868 2411 ·
921 2385 1150 2450 μετρίως
1186 2381 1288 2450 μὲν
1317 2377 1424 2449 γὰρ
1460 2379 1788 2449 φιλοσοφίας
1818 2377 1990 2449 ἔχειν,Ι

238 2473 271 2513 Ε
302 2466 533 2532 μετρίως
553 2461 610 2516 δὲ
630 2468 957 2532 πολιτικῶν,
999 2463 1149 2517 πάνυ
1180 2465 1232 2528 ἐξ
1264 2460 1471 2525 εἰκότος
1500 2459 1698 2529 λόγου·
1737 2459 1991 2526 μετέχειν,

305 2542 412 2612 γὰρ
444 2543 776 2615 ἀμφοτέρων
805 2544 941 2601 ὅσον
970 2550 1105 2616 ἔδει,
1146 2542 1297 2608 ἐκτὸς
1316 2543 1374 2598 δὲ
1404 2541 1556 2604 ὄντες
1587 2538 1868 2594 κινδύνων
1884 2538 1978 2595 καὶ

305 2622 540 2695 ἀγώνων
560 2633 916 2695 καρποῦσθαι
935 2625 1037 2697 τὴν
1056 2632 1274 2696 σοφίαν.

445 2714 554 2763 ΚΡ.
616 2713 686 2763 Τί
702 2702 836 2776 οῧνς
870 2713 1105 2765 δοκοῦσί
1120 2725 1207 2764 σοι
1217 2709 1283 2778 τὶ,
1299 2701 1342 2762 ὦ
1361 2704 1669 2775 Σώκρατες,
1685 2711 1888 2773 λέγεινς
1908 2698 1976 2759 ού

303 2789 409 2860 γάρ
429 2813 513 2845 τοι
533 2787 648 2846 ἄλλ’
670 2787 705 2844 δ’
720 2813 783 2861 γε
802 2790 964 2861 λόγος
986 2797 1091 2862 ἔχει
1111 2788 1234 2847 τινὰ
1256 2787 1587 2858 εὐπρέπειαν
1606 2792 1718 2841 τῶν
1737 2785 1974 2856 ἀνδρῶν.
