1962 3112
124 107 187 153 65
539 96 543 100 ’
874 102 965 151 Ιῼ
978 105 1045 152 Ν.
1704 103 1808 156 427

131 242 390 303 κτυλιόυς
408 233 529 305 ἄγει
550 234 683 300 τούς
701 239 990 306 σιδηροῦς,
1022 235 1162 292 ἄλλα
1182 239 1273 292 καὶ
1293 237 1534 309 δύναμιν
1556 240 1809 309 ἐντίθησι

126 333 242 386 τοῖς
260 325 588 390 δακτυλίοις,
604 318 742 375 ῶστε
762 319 1045 374 δύνασθαι
1062 316 1268 374 ταύτὸν
1287 326 1450 375 τοῦτο
1470 331 1648 376 ποιεῖν
1669 319 1805 391 ὅπερ

126 401 161 473 ἡ
191 407 378 470 λίθος,
416 401 620 467 ἄλλους
644 402 802 472 ἄγειν
820 405 1176 470 δακτυλίους,
1198 399 1324 456 ὥστ’
1343 405 1519 458 ἐνίοτε
1549 401 1802 474 ὀρμαθὸς
1833 411 1867 451 Ε

121 484 338 556 μακρὸς
366 484 517 540 πάνυ
547 487 813 556 σιδηρίων
845 485 955 554 [καὶ
986 486 1314 553 δακτυλίων]
1339 485 1393 550 ἐξ
1414 482 1671 557 ἀλλήλων
1701 485 1805 557 ἤρ-

126 589 303 637 τηται·
363 574 498 622 πᾶσι
527 567 587 623 δὲ
615 566 830 631 τούτοις
860 569 913 631 ἐξ
944 568 1155 636 ἐκείνης
1183 573 1279 636 τῆς
1309 573 1479 622 λίθου
1504 565 1538 639 ἡ
1571 569 1808 638 δύναμις

129 649 445 722 ἀνήρτηται.
487 650 633 706 οὕτω
653 650 711 706 δὲ
731 651 822 705 καὶ
839 647 872 720 ἡ
887 654 1095 703 Μοῦσα
1117 650 1349 713 ἐνθέους
1366 651 1468 720 μὲν
1483 663 1633 706 ποιεῖ
1644 649 1803 722 αὐτή,

126 730 215 787 διὰ
240 734 298 788 δὲ
316 740 428 787 τῶν
448 734 663 788 ἐνθέων
683 732 900 788 τούτων
923 730 1110 786 ἄλλων
1128 732 1610 798 ἐνθουσιαζόντων
1628 731 1805 804 ὁρμα-

124 813 232 879 θός
269 816 571 883 ε’ξαρτᾶται.
625 815 826 879 πάντες
857 812 965 884 γάρ
1006 817 1063 869 οἵ
1092 835 1150 868 τε
1179 820 1293 868 τῶν
1325 817 1475 869 ἐπῶν
1506 815 1724 885 ποιηταὶ
1754 819 1811 870 οἱ

119 895 325 966 ἀγαθοὶ
348 895 452 952 οὐκ
481 899 543 953 ἐκ
572 901 762 968 τέχνης
793 895 905 953 ἀλλ’
932 901 1120 951 ἔνθεοι
1150 894 1308 960 ὅντες
1327 897 1419 951 καὶ
1449 895 1803 968 κατεχόμενοι

121 979 302 1033 πάντα
323 984 495 1033 ταῦτα
513 979 579 1034 τὰ
600 978 741 1035 καλοὶ
763 982 988 1051 λέγουσι
1011 979 1312 1050 ποιήματα,
1335 979 1426 1034 καὶ
1444 983 1503 1034 oc
1518 981 1802 1050 μελοποιοὶ

126 1063 185 1116 οἰ
206 1059 412 1131 άγαθοὶ
441 1059 733 1131 ῶσαύτως,
776 1060 962 1130 ῶσπερ
993 1063 1050 1116 οἱ
1075 1066 1552 1132 κορυβαντιῶντες
1578 1060 1683 1117 οὐκ
1703 1067 1801 1132 ἒμ-
1833 1077 1918 1121 534

126 1164 332 1213 φρονες
361 1142 520 1208 ὅντες
550 1142 876 1214 ὀρχοῦνται,
913 1141 1060 1198 οὕτω
1092 1144 1182 1198 καὶ
1202 1147 1254 1198 οἱ
1276 1145 1558 1213 μελοποιοὶ
1580 1142 1684 1199 οὐκ
1705 1148 1803 1215 ἔμ-

121 1245 327 1295 φρονες
348 1224 382 1280 ὅ
389 1247 508 1290 ντες
525 1224 591 1280 τά
611 1225 752 1281 καλά
770 1230 905 1297 μέλη
924 1231 1100 1281 ταῦτα
1120 1231 1406 1295 ποιοῦσιν,
1440 1223 1555 1281 ἀλλ’
1577 1225 1803 1282 ἐπειδάν

120 1310 364 1379 ἐμβῶσιν
394 1313 470 1373 εἰς
498 1307 601 1379 τὴν
629 1306 906 1380 ἁρμονίαν
934 1311 1024 1363 καὶ
1057 1312 1132 1373 εἰς
1150 1306 1250 1363 τὸν
1272 1307 1522 1379 ῥυθμόν,
1561 1309 1802 1380 βακχεύ-

119 1407 244 1446 ουσι
265 1393 356 1446 καὶ
375 1391 757 1463 κατεχόμενοι,
780 1391 967 1460 ῶσπερ
989 1395 1049 1446 αἱ
1063 1389 1259 1462 βάκχαι
1284 1389 1586 1459 ἀρύτονται
1604 1393 1665 1447 ἐκ
1684 1398 1798 1447 τῶν

120 1480 384 1543 ποταμῶν
403 1476 525 1543 μέλι
543 1475 634 1530 καὶ
651 1474 794 1544 γάλα
814 1476 1202 1545 κατεχόμεναι,
1241 1479 1515 1544 ἔμφρονες
1546 1473 1606 1530 δὲ
1634 1467 1798 1529 οὖσαι

122 1554 217 1626 οὔ,
248 1557 469 1611 καὶτῶν
486 1563 798 1627 μελοποιῶν
817 1555 850 1627 ἡ
871 1555 1017 1628 ψυχὴ
1039 1563 1203 1612 τοῦτο
1224 1555 1520 1625 ἐργάζεται,
1540 1554 1677 1626 ὅπερ
1691 1554 1797 1612 αὐ-

117 1638 199 1693 τοὶ
219 1641 456 1708 λέγουσι.
489 1640 713 1707 λέγουσι
731 1639 837 1709 γάρ
859 1640 1150 1710 δήπουθεν
1170 1639 1308 1709 πρὸς
1325 1636 1466 1710 ἡμᾶς
1486 1642 1542 1694 oc
1559 1645 1792 1711 ποιηταί,
1861 1652 1863 1654 ’

116 1718 203 1775 ὅτι
239 1719 347 1776 ἀπὸ
386 1728 611 1792 κρηνῶν
646 1723 995 1792 μελιρρύτων
1027 1726 1086 1779 ἐκ
1119 1729 1372 1778 Μουσῶν
1404 1722 1598 1794 κήπων
1626 1729 1798 1778 τινῶν
1825 1733 1856 1777 B

116 1804 207 1858 καὶ
233 1810 430 1858 ναπῶν
457 1805 788 1875 δρεπόμενοι
820 1804 886 1860 τὰ
919 1810 1053 1877 μέλη
1083 1804 1217 1877 ἡμῖν
1236 1808 1509 1876 φέρουσιν
1528 1804 1715 1875 ὥσπερ
1738 1809 1799 1861 αἱ

111 1888 379 1957 μέλιτται,
398 1887 488 1942 καὶ
507 1887 666 1943 αὐτοὶ
688 1886 834 1942 οὕτω
866 1888 1181 1959 πετόμενοι·
1223 1891 1312 1944 καὶ
1338 1887 1522 1959 άληθῆ
1543 1891 1792 1959 λέγουσι·

22 1969 41 2032 ζ
111 1974 334 2039 κοῦφον
353 1967 459 2039 γὰρ
480 1975 660 2040 χρῆμα
681 1971 907 2041 ποιητής
926 1975 1038 2027 ἐστι
1060 1973 1151 2027 καὶ
1170 1968 1383 2041 πτηνὸν
1402 1972 1493 2027 καὶ
1509 1970 1681 2041 ἱερόν,
1703 1972 1795 2027 καὶ

23 2039 41 2127 ζ’
112 2049 183 2105 οὐ
202 2050 476 2118 πρότερον
496 2045 613 2115 οἶός
631 2073 687 2106 τε
709 2065 904 2123 ποιεῖν,
927 2054 1061 2121 πρὶν
1078 2050 1151 2108 ἄν
1173 2054 1372 2119 ἕνθεός
1391 2076 1447 2108 τε
1467 2058 1691 2125 γένηται
1702 2055 1792 2109 καὶ

23 2132 35 2157 '²
111 2135 339 2202 ἔκφρων
358 2133 447 2187 καὶ
468 2130 496 2186 ὁ
523 2138 656 2198 νοῦς
673 2137 862 2205 μηκέτι
882 2138 943 2191 ἐν
973 2133 1126 2210 αὐτῷ
1145 2139 1270 2209 ἐνῇ·
1326 2137 1429 2201 ἕως
1458 2134 1509 2190 δ’
1535 2132 1608 2190 ἄν
1640 2136 1794 2192 τουτὶ

111 2219 204 2287 ἔχῃ
228 2213 288 2270 τὸ
312 2221 515 2285 κτῆμα,
558 2214 833 2282 ἀδύνατος
859 2225 964 2283 πάς
994 2231 1174 2274 ποιεῖν
1201 2220 1349 2275 ἐστὶν
1376 2218 1680 2285 ἅνθρωπος
1699 2218 1792 2273 καὶ

23 2304 31 2349 ἶ
110 2299 471 2369 χρησμῳδεῖν.
530 2294 623 2352 ἅτε
654 2291 760 2352 οὖν
789 2297 858 2354 οὐ
881 2303 1044 2373 τέχνῃ
1075 2306 1366 2364 ποιοῦντες
1393 2301 1483 2355 καὶ
1503 2296 1678 2355 πολλὰ
1699 2302 1791 2355 λε’-

24 2380 33 2453 t*
109 2399 302 2447 γοντες
338 2379 427 2433 καὶ
461 2377 602 2434 καλά
640 2381 764 2449 περὶ
800 2386 913 2436 τῶν
946 2388 1311 2453 πραγμάτων,
1355 2380 1540 2450 ῶσπερ
1572 2379 1643 2436 σύ
1665 2383 1789 2451 περὶ

107 2455 368 2530 Ὁμήρου,
410 2457 547 2515 α’λλὰ
568 2467 696 2533 θείᾳ
715 2467 910 2535 μοίρᾳ,
952 2470 1115 2519 τοῦτο
1134 2464 1312 2533 μόνον
1341 2458 1455 2527 οἶός
1475 2483 1531 2517 τε
1559 2462 1785 2528 ἕκαστος
1817 2474 1848 2516 C

28 2530 31 2603 ‡
109 2553 287 2596 ποιεῖν
309 2547 507 2611 καλῶς,
528 2539 612 2612 ἐφ’
627 2540 659 2598 ὂ
677 2541 709 2613 ἡ
725 2548 932 2598 Μοῦσα
954 2542 1128 2599 αὐτὸν
1149 2544 1423 2614 ὥρμησεν,
1445 2542 1475 2599 ὁ
1495 2544 1598 2615 μὲν
1621 2546 1789 2599 διθυ-

110 2622 386 2693 ράμβους,
409 2621 437 2678 ὁ
460 2623 515 2678 δὲ
539 2623 807 2695 ἐγκώμια,
840 2622 869 2680 ὁ
892 2625 949 2682 δὲ
971 2624 1360 2698 ὑπορχήματα,
1389 2623 1418 2681 ὁ
1440 2622 1492 2680 δ’
1515 2630 1617 2697 ἔπη
1632 2667 1647 2696 ,
1679 2622 1708 2680 ὁ
1731 2622 1786 2682 δ’

108 2702 368 2775 ἰάμβους·
414 2706 479 2759 τὰ
512 2703 565 2760 δ’
598 2705 737 2761 ἄλλα
768 2712 982 2776 φαῦλος
1012 2706 1200 2763 αὐτῶν
1231 2706 1460 2772 ἕκαστός
1489 2709 1653 2763 ἐστιν.
1719 2704 1788 2761 οὐ

105 2784 213 2854 γάρ
234 2787 395 2858 τέχνῃ
413 2793 587 2842 ταῦτα
617 2791 901 2856 λέγουσιν,
936 2786 1075 2844 ἀλλὰ
1102 2794 1230 2864 θείᾳ
1261 2789 1520 2859 δυνάμει,
1557 2790 1699 2856 ἐπεί,
1741 2790 1791 2842 εἰ
