1962 3112
156 129 256 182 158
377 177 387 179 ρ
753 131 867 178 ΠΛ
877 133 927 177 A
944 131 1044 178 Tsz
1056 134 1111 180 Ν
1124 133 1164 180 Ο
1177 135 1228 180 Σ
1767 143 1829 186 70

156 267 211 319 οἱ
226 270 328 319 τοῦ
349 261 554 332 πατρὸς
584 268 736 333 φίλοι
766 263 921 327 ὄντες
950 261 1262 336 ὁμότεχνοι,
1304 266 1536 333 τούτους
1555 273 1632 324 ἔτι
1653 274 1733 332 τίς
1755 266 1825 323 ἂν

156 346 452 414 διδάξειεν,
492 343 560 399 οὐ
584 345 780 418 ῥᾴδιον
809 344 959 416 οἶμαι
979 345 1143 414 εἶναι,
1183 341 1228 402 ῶ
1246 349 1567 421 Σώκρατες,
1611 349 1825 406 τούτων

155 427 492 483 διδάσκαλον
512 432 781 496 φανῆναι,
801 432 914 481 τῶν
933 425 991 481 δὲ
1010 425 1254 497 ἀπείρων
1274 431 1589 485 παντάπασι
1607 432 1821 505 ῥᾴδιον,

156 508 302 564 οὕτω
325 510 383 563 δὲ
403 507 598 578 ἀρετῆς
617 510 706 563 καὶ
725 514 839 563 τῶν
858 507 1044 564 ἄλλων
1063 510 1289 565 πάντων
1304 532 1314 542 ·
1336 509 1474 567 ἀλλά
1493 509 1600 567 κάν
1626 518 1675 568 εἰ
1703 511 1823 569 ὀλί-

92 606 125 646 Β
154 613 256 663 γον
288 596 400 647 ε”στι
429 613 509 655 τις
537 589 686 655 ὅστις
715 594 962 662 διαφέρει
980 589 1138 662 ἡμῶν
1157 594 1491 665 προβιβάσαι
1509 600 1584 659 εἰς
1602 593 1823 666 ἀρετήν,

151 672 449 743 ἀγαπητόν.
490 665 569 727 ῶν
588 671 657 743 δὴ
677 671 782 743 ε’γῶ
805 671 954 743 οἶμαι
972 670 1047 737 εἷς
1066 672 1222 744 εἶναι,
1243 677 1334 731 καὶ
1359 676 1732 747 διαφερόντως
1751 672 1822 731 ἀν

150 763 262 810 τῶν
298 755 484 811 ἄλλων
526 753 848 825 ἀνθρώπων
887 753 1088 826 ὀνῆσαί
1117 778 1240 811 τινα
1279 756 1418 828 πρὸς
1445 756 1505 813 τὸ
1535 758 1820 813 καλόνκαὶ

151 835 374 907 ἀγαθὸν
401 840 689 907 γενέσθαι,
731 839 822 893 καὶ
855 837 1015 904 ἀξίως
1043 845 1145 893 τοῦ
1174 846 1383 909 μισθοῦ
1412 837 1478 894 ὃν
1497 839 1817 910 πράττομαι,

149 920 238 974 καὶ
259 923 337 973 ἔτι
358 923 632 986 πλείονος,
678 917 815 974 ὥστε
843 921 933 974 καὶ
962 918 1111 994 αὐτῷ
1134 926 1318 975 δοκεῖν
1336 927 1411 994 τῷ
1430 921 1683 990 μαθόντι.
1732 922 1821 974 διὰ

149 1007 323 1056 ταῦτα
354 1002 444 1056 καὶ
471 999 571 1055 τὸν
598 1002 809 1070 τρόπον
828 1010 922 1074 τῆς
945 1004 1191 1071 πράξεως
1210 1010 1312 1058 τοῦ
1336 1009 1546 1073 μισθοῦ
1564 1010 1816 1058 τοιοῦτον

149 1089 468 1153 πεποίημαι·
511 1083 734 1138 ἐπειδὰν
767 1083 873 1154 γάρ
910 1108 988 1149 τις
1026 1084 1155 1154 παρ’
1197 1088 1334 1155 ε’μοῦ
1369 1085 1551 1157 μάθῃ,
1590 1084 1686 1140 ἐὰν
1718 1083 1820 1155 μὲν

149 1164 431 1236 βούληται,
452 1162 806 1220 ἀποδέδωκεν
825 1163 856 1219 ὂ
876 1163 980 1235 ε’γῶ
1001 1167 1304 1237 πράττομαι
1325 1165 1616 1237 ἀργύριον·
1639 1165 1736 1222 ε’ἀν
1759 1170 1836 1227 δὲ>

93 1258 124 1299 G
150 1247 243 1319 μή,
265 1244 451 1302 ε’λθῶν
470 1251 544 1311 εἰς
561 1247 729 1317 ἱερόν,
754 1244 973 1317 ὀμόσας,
996 1247 1134 1303 ὅσου
1149 1245 1220 1303 ἀν
1236 1255 1314 1321 φῇ
1332 1248 1452 1314 ἀξια
1471 1247 1610 1304 εἶναι
1627 1249 1692 1302 τὰ
1712 1269 1818 1318 μα-

148 1329 390 1400 θήματα,
411 1334 680 1384 τοσοῦτον
699 1332 1016 1399 κατέθηκεν.
1055 1330 1308 1386 τοιοῦτόν
1328 1348 1440 1401 σοι,
1464 1336 1569 1401 ἔφη
1583 1372 1596 1398 ,
1624 1323 1668 1384 ῶ
1687 1329 1818 1384 Στό-

132 1406 370 1481 ’κρατες,
409 1409 514 1481 ε’γῶ
544 1411 634 1465 καὶ
666 1415 854 1480 μῦθον
883 1411 974 1465 καὶ
1003 1411 1172 1480 λόγον
1202 1420 1419 1482 εἴρηκα,
1464 1410 1537 1476 ὥς
1558 1408 1818 1466 διδακτὸν

149 1491 312 1562 ἀρετὴ
335 1494 425 1547 καὶ
439 1490 720 1562 Ἀθηναῖοι
741 1491 919 1557 οὕτως
937 1489 1231 1564 ἡγοῦνται,
1270 1496 1359 1549 καὶ
1379 1492 1463 1549 ὅτι
1482 1490 1650 1549 οὐδὲν
1667 1500 1817 1548 θαυ-

148 1574 360 1646 μαστὸν
385 1582 503 1630 τῶν
531 1574 766 1644 ἀγαθῶν
794 1577 1046 1646 πατέρων
1068 1578 1319 1643 φαύλους
1355 1580 1490 1640 υἱεῖς
1528 1581 1818 1646 γίγνεσθαι

147 1659 235 1712 καὶ
266 1663 378 1711 τῶν
408 1656 643 1727 φαύλων
665 1655 934 1727 ἀγαθούς,
957 1660 1070 1714 ἐπεὶ
1089 1660 1180 1714 καὶ
1198 1662 1254 1714 οἱ
1268 1664 1645 1714 Πολυκλείτου
1663 1661 1816 1726 υἱεῖς,

147 1739 414 1807 Παράλου
449 1741 538 1793 καὶ
566 1742 902 1802 Ξανθίππου
931 1744 1094 1795 τοῦδε
1129 1738 1437 1811 ἡλικιῶται,
1479 1739 1644 1795 οὐδὲν
1680 1738 1818 1805 πρὸς

146 1819 249 1874 τὸν
268 1821 474 1888 πατέρα
496 1824 604 1874 εἰσί
610 1861 624 1888 ,
668 1823 756 1874 καὶ
779 1820 934 1875 ἄλλοι
953 1822 1139 1878 ἄλλων
1158 1827 1523 1893 δημιουργῶν.
1562 1825 1737 1876 τῶνδε
1757 1820 1815 1875 δὲ

88 1919 121 1958 D
151 1900 306 1955 οὔπω
334 1899 487 1965 ἀξιον
524 1907 686 1956 τοῦτο
727 1915 1076 1973 κατηγορεῖν·
1115 1908 1192 1958 ἔτι
1227 1903 1333 1974 γὰρ
1370 1906 1431 1958 ἐν
1467 1901 1651 1966 αὐτοῖς
1681 1902 1817 1956 εἰσὶν

148 1984 359 2047 ἐλπίδες
374 2004 384 2013 ·
405 1983 521 2038 νέοι
538 1982 659 2053 γάρ.

287 2070 442 2120 XV11.
519 2066 892 2135 Πρωταγόρας
919 2066 1021 2137 μὲν
1047 2072 1286 2120 τοσαῦτα
1315 2067 1406 2120 καὶ
1434 2071 1660 2120 τοιαῦτα
1697 2065 1817 2118 ἐπι-

149 2147 462 2217 δειξάμενος
481 2144 835 2203 ἀπεπαύσατο
854 2154 955 2203 τοῦ
972 2148 1155 2218 λόγου.
1178 2149 1268 2202 καὶ
1287 2144 1393 2216 ε’γῶ
1412 2148 1497 2201 ἐπὶ
1517 2145 1617 2216 μὲν
1636 2145 1816 2200 πολύν

145 2228 350 2300 χρόνον
381 2231 752 2300 κεκηλημένος
776 2236 852 2286 ἔτι
881 2228 1019 2298 πρὸς
1038 2226 1211 2284 αὐτὸν
1238 2234 1470 2299 ἔβλεπον
1491 2226 1564 2292 ῶς
1581 2225 1815 2297 ἐροῦντά

146 2337 212 2384 τι,
233 2318 524 2384 ἐπιθυμῶν
541 2311 790 2369 ἀκούειν·
812 2315 926 2370 ε’πεὶ
947 2313 1005 2369 δὲ
1026 2310 1092 2383 δὴ
1109 2310 1368 2384 ᾐσθόμην
1383 2307 1468 2365 ὅτι
1485 2315 1562 2383 τῷ
1581 2308 1701 2363 ὄντι
1716 2328 1814 2362 πε-

147 2397 427 2466 παυμένος
463 2404 544 2466 εἴη
560 2437 575 2466 ,
613 2396 771 2466 μόγις
799 2416 915 2459 πως
943 2394 1181 2465 ἐμαυτὸν
1219 2391 1450 2461 ὡσπερεὶ
1487 2395 1814 2460 συναγείρας

147 2475 328 2546 εἷπον,
367 2481 573 2549 βλέψας
597 2477 735 2550 πρὸς
754 2476 1220 2548 τὸνἹπποκράττγ
1254 2470 1318 2530 Ὦ
1345 2487 1447 2530 παῖ
1474 2471 1816 2530 Ἀπολλοδι-ό-

147 2579 270 2630 ρου,
294 2556 366 2623 ῶς
384 2559 544 2630 χάριν
564 2578 651 2615 σοι
671 2565 773 2630 ἔχω
794 2559 879 2616 ὅτι
897 2558 1248 2628 προῦτρεψάς
1267 2579 1333 2628 με
1357 2550 1464 2612 ῶδε
1487 2553 1808 2625 ἀφικέσθαι·

83 2663 114 2702 E
145 2646 356 2697 πολλοῦ
385 2641 491 2710 γὰρ
523 2649 785 2712 ποιοῦμαι
813 2640 1109 2712 ἀκηκοέναι
1137 2638 1172 2694 ὁὶ
1190 2638 1399 2709 ἀκήκοα
1420 2635 1812 2708 Πρωταγόρου.

144 2725 251 2794 ἐγῶ
283 2721 389 2793 γὰρ
419 2725 479 2778 ἐν
509 2725 611 2793 μὲν
636 2730 712 2797 τῷ
743 2729 1060 2794 ἔμπροσθεν
1078 2722 1259 2794 χρόνῳ
1278 2719 1532 2791 ἡγούμην
1552 2717 1655 2775 οὐκ
1676 2717 1815 2774 εἶναι

145 2802 512 2876 ἀνθρωπίνην
536 2806 872 2876 ἐπιμέλειαν,
911 2797 950 2877 ᾗ
968 2803 1174 2875 ἀγαθοὶ
1193 2806 1249 2858 οἰ
1274 2801 1476 2872 ἀγαθοὶ
1505 2806 1811 2871 γίγνονται·

1907 2863 1920 2912 ‘d

1839 2976 1842 2979 ’
1899 2915 1918 3112 ἐ
