2020 3094
244 176 345 229 136
409 209 421 211 >
854 178 1332 227 ΠΛΑΤῼΝΟΣ
1859 187 1931 231 ιε.Ἴ
2017 142 2020 182 ²

382 317 504 367 ΣΩ.
563 313 730 385 Ξένῳ.

388 400 500 448 ΕΤ.
561 398 837 468 Ποδαπςός

386 482 508 531 Σῼ.
563 474 863 548 Ἀβδηρίτῃ.

384 565 495 613 ΕΤ.
546 559 656 614 Καὶ
679 558 825 613 οὕτω
844 557 1011 622 καλός
1030 579 1109 621 τις
1127 554 1156 613 ὁ
1178 560 1328 622 ξένος
1347 561 1497 623 ἔδοξέ
1518 574 1605 612 σοι
1627 557 1792 627 εἶναι,
1816 556 1918 622 ὥς·

248 663 304 696 τε
324 648 425 696 τοῦ
445 645 708 696 Κλεινίου
727 642 875 703 υἱέος
894 644 1134 694 καλλίων
1153 655 1241 694 σοι
1261 645 1530 709 φανῆναι;

391 727 515 778 ΣΩ.
570 728 700 787 Πῶς
729 720 781 776 δ’
806 719 874 776 οὐ
904 723 1113 791 μέλλει,
1153 713 1198 775 ὦ
1217 720 1477 791 μακάριε,
1514 719 1574 776 τὸ
1597 721 1919 792 σοφώτερον

250 805 478 861 κάλλιον
503 809 831 875 φαίνεσθαι;

388 893 502 943 ΕΤ.
551 884 688 941 Ἀλλ’
711 880 747 956 ἦ
768 892 926 960 σοφῷ
949 908 1054 941 τινι
1075 884 1235 956 ἡμῖν,
1269 879 1314 940 ὦ
1332 885 1655 956 Σώκρατες,
1677 884 1920 956 ε’ντυχών

247 991 433 1040 παρει;

188 1066 219 1106 D
389 1058 514 1109 ΣΩ.
566 1049 887 1122 Σοφωτάτςο
920 1050 1021 1120 μὲν
1049 1043 1154 1104 οὖν
1177 1048 1357 1119 δήπου
1375 1055 1488 1104 τῶν
1513 1071 1575 1120 γε
1596 1055 1731 1122 νῦν,
1765 1058 1819 1106 εἴ
1832 1066 1919 1106 σοι

250 1141 401 1192 δοκεῖ
419 1134 738 1205 σοφώτατος
758 1130 897 1188 εἶναι
920 1132 1309 1201 Πρωταγόρας.

387 1224 501 1274 ΕΤ.
548 1213 620 1271 ’Ὠ
637 1220 690 1270 τί
706 1217 902 1285 λέγειςς
936 1214 1313 1286 Πρωταγόρας
1332 1214 1761 1286 έπιδεδήμηκεν;

389 1305 513 1356 ΣΩ.
573 1302 774 1368 Τρίτην
802 1319 863 1367 γε
881 1295 985 1369 ἤδη
1004 1295 1228 1367 ἡμέραν.

391 1389 503 1439 ET.
558 1383 667 1437 Καὶ
687 1379 810 1450 ἄρτι
832 1379 940 1448 ἄρα
960 1382 1149 1453 ἐκείνῳ
1171 1379 1520 1450 συγγεγονώς
1538 1379 1710 1452 ἥκεις;

131 1485 221 1532 310
391 1471 515 1521 ΣΩ.
569 1463 732 1519 Πάνυ
752 1484 814 1532 γε
833 1460 1009 1518 πολλὰ
1034 1463 1124 1517 καὶ
1150 1462 1323 1518 εἰπών
1341 1465 1432 1518 καὶ
1452 1461 1711 1528 άκούσας.
2016 1517 2020 1537 ,3

393 1554 506 1603 ΕΤ.
570 1551 639 1601 Τί
654 1538 758 1600 οὖν
778 1542 847 1599 οὐ
880 1543 1122 1615 διηγήσω
1137 1542 1271 1615 ἡμῖν
1290 1542 1392 1615 τὴν
1412 1548 1712 1611 ξυνουσίαν
1725 1589 1740 1617 ,
1781 1552 1831 1603 εἰ
1847 1547 1922 1618 μή

250 1634 315 1687 σε’
329 1653 382 1687 τι
402 1629 622 1698 κωλύει,
643 1625 1007 1696 καθιξόμενος
1025 1628 1272 1697 ἐνταυθί,
1292 1628 1660 1700 ἐξαναστήσας
1676 1627 1774 1685 τὸν
1793 1641 1923 1685 παῖ-
2010 1621 2020 1674 1³

251 1716 321 1768 δα
338 1717 564 1768 τουτονί
572 1736 583 1775 ;

392 1799 517 1848 ΣΩ.
589 1790 754 1847 Πάνυ
790 1791 891 1861 μὲν
931 1785 1060 1846 οὖν·
1116 1793 1208 1847 καὶ
1244 1791 1407 1861 χάριν
1441 1814 1503 1863 γε
1542 1800 1782 1864 εἴσομαι,
1822 1791 1923 1848 ἐὰν

249 1895 500 1944 ακουητε.

392 1961 504 2009 ΕΤ.
555 1957 664 2011 Καὶ
683 1953 795 2026 μὴν
816 1955 906 2009 καὶ
923 1952 1077 2025 ἡμεῖς
1096 1960 1208 2024 σοί,
1230 1952 1330 2010 ἐὰν
1350 1959 1525 2028 λέγῃς.

395 2042 520 2092 ΣΩ.
576 2042 763 2107 Διπλῆ
781 2032 852 2092 ὂίν
872 2043 953 2106 εἴη
971 2033 1005 2106 ἡ
1023 2034 1191 2107 χάρις.
1231 2034 1343 2091 ἀλλ’
1364 2031 1470 2091 οὖν
1488 2036 1731 2094 άκούετε.

392 2126 451 2174 11.
530 2125 639 2189 Τῆς
664 2117 1053 2189 παρελθούσης
1086 2115 1290 2182 νυκτὸς
1318 2124 1572 2189 ταυτησί,
1610 2124 1688 2175 ἔτι
1717 2124 1922 2191 βαθέος
2004 2148 2006 2182 1

250 2203 470 2276 ὄρθρου
484 2245 497 2272 ,
523 2200 880 2272 Ἱπποκράτης
899 2200 929 2258 ὁ
948 2200 1368 2272 Ἀπολλοδώρου
1387 2202 1508 2267 υἱός
1521 2245 1536 2272 ,
1573 2204 1843 2268 Φάσωνος
1861 2204 1920 2260 δὲ

188 2302 215 2342 Β
248 2285 518 2356 ἀδελφός,
559 2283 663 2355 τὴν
690 2284 880 2354 θύραν
909 2291 977 2356 τῇ
993 2291 1262 2358 βακτηρία
1287 2285 1436 2341 πάνυ
1466 2286 1685 2357 σφόδρα
1703 2290 1919 2354 ἔκρουε,

247 2369 338 2423 καὶ
360 2366 543 2436 ἐπειδὴ
567 2363 721 2440 αὐτῷ
738 2364 943 2438 ἅνέῳξέ
958 2389 1063 2437 τις,
1103 2364 1279 2430 εὐθὺς
1298 2374 1427 2422 εἵσω
1447 2365 1534 2439 ᾔει
1552 2367 1917 2438 ἐπειγόμενος,
2000 2382 2002 2386 ’

248 2449 340 2504 καὶ
359 2454 427 2520 τῇ
447 2455 608 2520 φωνῇ
626 2450 765 2518 μέγα
780 2450 987 2519 λέγων,
1017 2442 1082 2503 Ὦ
1100 2448 1421 2518 Σώκρατες,
1455 2453 1587 2520 ἔφη,
1618 2448 1921 2519 ε’γρήγορας
1994 2516 1996 2518 ¹

248 2524 287 2600 ἦ
319 2528 638 2594 καθεύδεις;
674 2530 766 2585 καὶ
794 2527 900 2600 ἐγώ
933 2527 1037 2600 τὴν
1065 2530 1263 2601 φωνὴν
1302 2528 1471 2600 γνούς
1501 2527 1701 2598 αὐτοῦ,
1731 2526 1920 2584 Ἱππο-

247 2609 477 2681 κράτης,
507 2616 677 2683 ἔφην,
716 2604 901 2676 οὗτος·
937 2611 1012 2682 μή
1030 2633 1081 2666 τι
1098 2612 1372 2680 νεώτερον
1389 2610 1691 2681 άγγέλλεις;
1734 2608 1919 2665 Οὐδέν

247 2689 314 2762 γ’,
334 2685 371 2762 ἦ
392 2690 442 2745 δ’
468 2689 555 2763 ὅς,
578 2692 715 2763 εἰμὴ
739 2692 925 2763 άγαθά
943 2715 1020 2763 γε.
1059 2687 1147 2748 Εὖ
1166 2689 1238 2748 ὅίν
1256 2696 1448 2762 λέγοις,
1468 2685 1542 2763 ἦν
1559 2689 1610 2747 δ’
1634 2691 1742 2761 ἐγώ
1758 2713 1768 2723 ·
1808 2697 1920 2746 ἔστι
1995 2701 2003 2748 ,1

249 2772 308 2828 δὲ
330 2778 406 2841 τί,
427 2775 519 2829 καὶ
536 2779 637 2828 τοῦ
658 2774 819 2828 ἕνεκα
837 2775 1095 2844 τηνικάδε
1116 2772 1351 2845 άφίκου;
1388 2773 1778 2845 Πρωταγόρας,
1792 2778 1917 2845 ἔφη,

246 2852 376 2924 ἥκει
387 2853 539 2925 ,στὰς
558 2855 681 2924 παρ’
704 2858 838 2926 ἐμοί.
895 2856 1104 2927 Πρσόην
1120 2900 1135 2927 ,
1175 2860 1318 2927 ἔφην
1337 2856 1444 2927 ἐγώ
1460 2877 1470 2887 ·
1510 2854 1580 2910 σὺ
1601 2857 1657 2911 δὲ
1677 2853 1803 2926 ἄρτι
1821 2859 1912 2910 πέ-
1997 2911 2004 2915 ,
