1962 3112
149 64 254 118 292
765 68 938 114 HAA
956 34 1233 117 ΤΩΝοΣ
1419 28 1422 30 V
1766 78 1824 122 94

150 200 400 271 μάλιστα,
421 197 593 268 ὅνπερ
617 202 673 254 οἱ
690 203 916 254 παλαιοί
928 220 986 253 τε
1005 202 1095 255 καὶ
1115 202 1280 270 σοφοὶ
1298 203 1572 272 λέγουσιν,
1585 201 1614 259 ὁ
1637 202 1825 275 ὅμοιος

151 288 230 353 τῷ
251 279 435 354 ὁμοίῳ.
475 279 543 336 οὐ
568 283 658 336 καὶ
681 287 770 336 σοί
780 305 793 346 ;

291 369 462 421 ΚΑΛ.
502 362 740 434 Ἔμοιγε.

293 451 417 501 ΣΩ.
469 444 699 500 Οὐκοῦν
737 444 882 500 ὅπου
918 445 1195 517 τύραννός
1227 451 1374 501 ἐστιν
1410 445 1598 518 ἄρχων
1635 448 1824 519 ἄγριος

152 532 244 585 καὶ
265 527 591 592 ἀπαίδευτος
603 570 618 597 ,
657 535 712 582 εἴ
735 550 815 591 τις
842 527 1048 584 τούτου
1077 531 1139 585 ἐν
1157 535 1223 601 τῇ
1253 529 1411 585 πόλει
1430 528 1572 585 πολὺ
1592 535 1821 601 βελτίων

153 619 263 682 εἴη,
305 617 534 682 φοβοῖτο
567 610 749 681 δήπου
771 606 844 665 ἄν
873 609 1048 667 αὐτὸν
1078 611 1107 667 ὁ
1139 613 1414 683 τύραννος
1443 613 1533 667 καὶ
1562 613 1740 687 τούτῳ
1770 616 1824 679 ἐξ,

91 707 122 747 C
153 693 395 758 ἅπαντος
413 699 516 749 τοῦ
534 699 641 748 νοῦ
660 690 762 748 οὐκ
783 691 855 747 ἄν
874 714 1004 749 ποτε
1025 694 1251 750 δυ’ναιτο
1271 700 1431 765 φίλος
1448 700 1739 765 γενέσθαι;

290 783 461 832 ΚΑΛ.
504 775 656 832 ’Ἐστι
673 783 860 831 ταῦτα.

289 864 414 914 ΣΩ.
471 858 624 914 Οὐδέ
647 881 709 928 γε
741 866 796 914 εἴ
820 881 899 923 τις
924 857 1068 914 πολὺ
1098 857 1441 929 φαυλότερος
1460 866 1569 929 εἴη,
1607 857 1730 914 οὐδ’
1755 856 1824 914 ἂν

150 935 334 1007 οὗτος·
369 953 719 1012 καταφρονοῖ
730 939 836 1011 γὰρ
858 937 930 996 ὅίν
950 939 1126 996 αὐτοῦ
1147 938 1173 995 ὁ
1194 941 1470 1010 τύραννος
1500 942 1590 995 καὶ
1618 940 1721 996 οὐκ
1750 939 1824 995 ἄν

150 1043 282 1079 ποτε
303 1021 374 1088 ὡς
393 1023 531 1094 πρὸς
552 1027 717 1093 φίλον
736 1023 1116 1077 σπουδάσειεν.

291 1110 466 1160 ΚΑΛ.
511 1106 621 1160 Καὶ
638 1102 786 1159 ταῦτ’
809 1103 997 1175 ἀληθῆ
1003 1151 1012 1160 .

290 1192 415 1243 ΣΩ.
473 1192 730 1242 Λείπεται
763 1185 828 1258 δὴ
861 1190 1071 1253 ἐκεῖνος
1098 1188 1268 1259 μόνος
1297 1187 1445 1254 ἄξιος
1475 1188 1647 1258 λόγου
1667 1194 1824 1259 φίλος

148 1276 227 1343 τῷ
245 1270 478 1344 τοιούτῳ
493 1312 508 1339 ,
549 1267 609 1334 ὃς
627 1266 699 1325 ἂν
718 1266 968 1340 ὁμοήθης
990 1269 1096 1340 ὤν,
1138 1267 1313 1325 ταύτὰ
1344 1271 1531 1340 ψέγων
1561 1272 1650 1326 καὶ
1669 1273 1826 1326 ε’παι-

149 1358 292 1424 νῶν,
325 1355 491 1424 ἐθέλῃ
509 1351 782 1423 ἄρχεσθαι
803 1354 894 1408 καὶ
915 1350 1250 1409 ὑποκεῖσθαι
1270 1359 1349 1426 τῷ
1369 1351 1607 1423 ἄρχοντι.
1664 1347 1826 1418 οὖτος

86 1439 122 1480 D
152 1438 289 1506 μέγα
310 1439 370 1491 έν
388 1435 559 1507 ταύτῃ
580 1442 647 1507 τῇ
666 1435 823 1490 πόλει
848 1435 1167 1507 δυνήσεται,
1198 1442 1398 1492 τοῦτον
1421 1433 1601 1500 οὐδεὶς
1618 1443 1825 1506 χαίρων

153 1515 423 1589 ἀδικήσει.
461 1515 561 1587 οὐχ
581 1517 757 1581 οὕτως
776 1522 908 1587 ἔχει;
1471 1543 1475 1546 ’

292 1606 461 1655 ΚΑΛ.
499 1606 629 1656 Ναί.

294 1689 418 1738 ΣΩ.
475 1688 547 1739 Εἰ
574 1682 682 1751 ἄρα
708 1705 788 1747 τις
814 1683 1130 1754 ἐννοήσειεν
1159 1684 1220 1737 ἐν
1253 1684 1426 1754 ταύτῃ
1454 1689 1521 1754 τῇ
1540 1682 1697 1738 πόλει
1714 1689 1824 1738 τῶν

154 1767 325 1837 νέων,
362 1771 486 1821 τίνα
517 1762 589 1820 ὂέν
618 1765 831 1836 τρόπον
848 1765 956 1835 ε’γώ
985 1769 1122 1835 μέγα
1153 1769 1428 1836 δυναίμην
1446 1766 1536 1820 καὶ
1553 1768 1741 1835 μηδείς
1759 1787 1824 1835 με

153 1845 361 1917 ἀδικοῖ,
399 1844 433 1918 ἡ
469 1845 636 1918 αὐτή,
676 1845 750 1912 ὡς
777 1851 984 1917 ἔοικεν,
1028 1845 1181 1916 αὐτῷ
1199 1843 1328 1911 ὁδός
1353 1850 1527 1916 ἐστιν,
1570 1844 1746 1911 εὐθὺς
1765 1850 1819 1902 ἐκ

152 1932 285 1983 νέου
306 1932 509 1995 ἐθίζειν
536 1926 713 1984 αὑτὸν
741 1941 853 1994 τοῖς
884 1927 1071 1994 αὐτοῖς
1098 1934 1309 2000 χαίρειν
1333 1929 1423 1983 καὶ
1452 1927 1730 1998 ἄχθεσθαι
1748 1936 1828 2001 τῷ

156 2011 424 2084 δεσπότῃ,
467 2012 559 2067 καὶ
589 2011 1025 2081 παρασκευάζειν
1054 2010 1203 2076 ὅπως
1233 2009 1266 2065 ὅ
1295 2032 1346 2066 τι
1373 2011 1607 2081 μάλιστα
1637 2009 1820 2082 ὅμοιος

151 2097 304 2149 ἔσται
322 2097 528 2167 ἐκείνῳ.
566 2093 666 2165 οὐχ
687 2093 886 2162 οὕτως;

292 2182 466 2232 ΚΑΛ.
513 2182 643 2232 Ναί.

39 2276 43 2278 ’
92 2273 129 2314 Ε
299 2264 424 2315 ΣΩ.
467 2258 696 2314 Οὐκοῦν
723 2260 902 2333 τούτῳ
931 2259 993 2315 τό
1023 2263 1125 2330 μὲν
1143 2257 1216 2331 μὴ
1247 2257 1559 2315 ἀδικεῖσθαι
1577 2258 1668 2313 καὶ
1687 2258 1827 2329 μέγα

155 2342 462 2412 δύνασθαι,
506 2339 580 2406 ὥς
611 2340 639 2396 ὁ
663 2339 924 2413 ὑμέτερος
946 2341 1108 2412 λόγος
1122 2384 1137 2411 ,
1177 2344 1237 2397 ἐν
1254 2349 1324 2413 τῇ
1341 2341 1498 2397 πόλει
1518 2340 1824 2410 διαπεπρά-

155 2430 314 2491 ξεται.

295 2512 467 2561 ΚΑΛ.
513 2508 678 2560 Πάνυ
696 2527 773 2574 γε.

293 2593 417 2643 ΣΩ.
466 2583 575 2658 ’Ἆρ’
589 2582 696 2643 οὖν
713 2590 804 2643 καὶ
822 2586 883 2643 τὸ
908 2587 981 2658 μὴ
1003 2587 1240 2655 άδικεῖν;
1261 2583 1296 2658 ἦ
1317 2593 1529 2642 πολλοῦ
1548 2589 1646 2656 δεῖ,
1669 2594 1821 2654 εἴπερ

153 2669 345 2742 ὅμοιος
362 2674 512 2724 ἔσται
530 2674 607 2743 τῷ
627 2668 851 2739 ἄρχοντι
871 2669 991 2724 ὅντι
1010 2669 1180 2741 άδίκςο
1201 2671 1291 2725 καὶ
1319 2668 1468 2738 παρὰ
1487 2666 1664 2741 τούτῳ
1686 2669 1823 2739 μέγα

153 2752 476 2822 δυνήσεται;
523 2749 637 2806 ἀλλ’
659 2750 807 2821 οἶμαι
839 2756 1038 2821 ἔγωγε,
1075 2758 1188 2806 πᾶν
1217 2749 1546 2806 τούναντίον
1565 2746 1820 2820 οὖτωσὶὴ
