2020 3094
229 177 298 228 68
845 179 1020 226 ΠΛΛ
1039 178 1321 228 ΤΩΝΟΣ

233 307 313 367 ὧν
346 310 618 382 τυγχάνει.
656 310 938 366 καλεσάτω
978 304 1084 366 οὖν
1120 305 1284 377 οὖτος
1317 309 1517 384 αὐτόν,
1558 314 1655 370 ἐὰν
1688 313 1796 384 ἄρα
1831 339 1904 388 μη

231 398 432 465 προσίῃ
465 390 645 457 αὐτός.
725 398 936 461 Ταῦτα,
976 386 1049 464 ἦν
1078 392 1129 448 δ’
1154 394 1287 466 ἐγώ,
1324 393 1426 466 χρὴ
1448 408 1640 452 ποιεῖν.
1678 397 1769 453 καὶ
1793 396 1904 468 ἅμα

167 488 200 529 Ε
233 473 422 546 λαβών
451 471 549 529 τὸν
567 473 898 544 Κτήσιππον
918 475 1184 548 προσῄειν
1213 480 1288 541 εἰς
1312 475 1414 547 τὴν
1443 483 1811 547 παλαίστραν·
1852 482 1904 534 οἰ

233 555 285 611 δ’
308 555 463 611 ἄλλοι
492 553 714 625 ὕστεροι
738 552 894 627 ἡμῶν
923 554 1110 628 ᾔεσαν.
1151 558 1498 625 εἰσελθόντες
1517 560 1577 615 δὲ
1604 560 1905 632 κατελάβο-

231 660 333 709 μεν
371 634 575 692 αὐτόθι
610 637 916 702 τεθυκότας
951 659 1008 693 τε
1045 638 1176 704 τοὺς
1214 643 1412 706 παῖδας
1447 642 1537 696 καὶ
1574 639 1639 696 τὰ
1678 642 1802 711 περὶ
1837 639 1900 696 τὰ

163 750 166 752 v
230 724 398 791 ίερεῐα
419 718 617 791 σχεδόν
644 742 696 775 τι
713 719 817 791 ἤδη
839 723 1200 793 πεποιημένα,
1240 720 1733 793 άστραγαλίζοντάς
1757 745 1814 778 τε
1835 720 1900 794 δὴ

229 805 319 858 καὶ
355 806 800 873 κεκοσμημένους
836 801 1097 867 ἅπαντας.
1146 806 1203 858 οἱ
1234 802 1336 874 μὲν
1371 796 1477 859 οὖν
1514 805 1706 860 πολλοὶ
1741 807 1802 860 ἐν
1837 810 1902 876 τῇ

231 882 374 957 αὐλῇ
393 887 612 950 ἔπαιζον
646 887 748 950 ἔξω
761 927 775 953 ,
813 887 870 939 οἱ
888 886 952 940 δέ
973 906 1117 949 τινες
1135 889 1235 939 τοῦ
1255 882 1632 956 άποδυτηρίου
1651 887 1711 940 ἐν
1728 891 1903 958 γωνίᾳ

228 965 485 1038 ἠρτίαζον
514 964 876 1037 ἀστραγάλοις
895 966 1263 1037 παμπόλλοις,
1302 968 1363 1021 ἐκ
1383 971 1709 1038 φορμίσκων
1733 972 1904 1022 τινῶν

228 1047 663 1118 προαιρούμενοι
675 1069 686 1080 ·
726 1046 958 1112 τούτους
977 1047 1036 1104 δὲ
1053 1050 1418 1118 περιέστασαν
1437 1046 1595 1103 ἄλλοι
1610 1054 1904 1116 θεωροῦν-

226 1151 328 1195 τες.
370 1122 453 1184 οἷν
485 1127 551 1201 δὴ
583 1130 672 1185 καὶ
703 1126 733 1185 ὁ
750 1129 926 1195 Λύσις
946 1123 1041 1201 ἦν,
1081 1132 1173 1186 καὶ
1200 1129 1436 1202 εἱστήκει
1456 1131 1517 1184 ἐν
1542 1141 1657 1194 τοῖς
1676 1133 1834 1184 παισί
1846 1150 1903 1183 τε

112 1229 196 1274 207
226 1213 316 1268 καὶ
344 1217 655 1276 νεανίσκοις
685 1213 1135 1283 ἐστεφανωμένος
1170 1214 1262 1267 καὶ
1296 1209 1399 1283 τὴν
1436 1210 1567 1279 ὄψιν
1603 1214 1901 1282 διαφέρων,

229 1292 297 1350 οὐ
314 1294 376 1350 τὸ
400 1291 568 1359 καλὸς
596 1292 736 1350 εἶναι
755 1294 932 1365 μόνον
952 1293 1101 1360 ἄξιος
1119 1291 1380 1363 ἀκοῦσαι,
1413 1291 1536 1349 ἀλλ’
1557 1292 1642 1348 ὅτι
1660 1292 1827 1356 καλός
1846 1314 1902 1347 τε

228 1374 490 1447 κάγαθός.
539 1377 629 1431 καὶ
665 1373 819 1447 ἡμεῖς
857 1381 933 1442 εἰς
968 1374 1030 1432 τὸ
1069 1374 1406 1448 καταντικρύ
1444 1373 1901 1446 ἀποχωρήσαντες

228 1457 608 1529 ἐκαθεζόμεθα
626 1491 696 1501 —-
711 1451 785 1529 ἦν
802 1456 910 1529 γὰρ
931 1456 1135 1514 αὐτόθι
1162 1456 1360 1529 ἡσυχία
1379 1490 1447 1499 —-
1468 1462 1567 1513 καί
1576 1479 1629 1512 τι
1647 1454 1902 1527 ἀλλήλοις

227 1541 602 1612 διελεγόμεθα.
640 1540 1142 1612 περιστρεφόμενος
1170 1534 1277 1596 οὖν
1306 1537 1336 1595 ὁ
1375 1539 1549 1604 Λύσις
1582 1535 1739 1608 θαμὰ
1777 1540 1902 1592 έπε-

229 1633 484 1678 σκοπεῑτο
503 1619 648 1693 ἡμᾶς
660 1664 674 1691 ,
695 1623 789 1678 καὶ
813 1625 977 1693 δῆλος
992 1616 1065 1694 ἦν
1083 1624 1379 1693 ἐπιθυμῶν
1399 1627 1747 1691 προσελθεῖν.
1769 1620 1903 1682 τέως

201 1703 328 1774 ’μὲν
358 1696 464 1759 οὖν
492 1701 692 1774 ἠπόρει
719 1726 777 1759 τε
807 1706 899 1761 καὶ
929 1703 1093 1760 ὤκνει
1121 1703 1291 1775 μόνος
1320 1708 1630 1775 προσιέναι·
1669 1706 1852 1757 ἔπειτα
1871 1697 1900 1755 ὁ

166 1796 199 1838 Β
229 1787 541 1852 Μενέξενος
567 1787 627 1841 ἐκ
656 1792 752 1856 τῆς
791 1784 962 1858 αὐλῆς
989 1785 1190 1857 μεταξὺ
1220 1790 1427 1853 παίζων
1449 1788 1774 1855 εἰσέρχεται,
1812 1781 1904 1838 καὶ

229 1865 302 1932 ὡς
322 1865 467 1923 εἶδεν
485 1870 580 1938 ἐμέ
595 1889 652 1922 τε
670 1870 762 1923 καὶ
779 1866 881 1924 τὸν
898 1868 1253 1939 Κτήσιππον,
1275 1865 1363 1940 ᾔει
1383 1864 1904 1938 παρακαθιζησόμε-

228 1969 349 2014 νος·
387 1946 525 2004 ἰδών
552 1943 660 2003 οὖν
688 1947 864 2005 αὐτὸν
894 1947 923 2005 ὁ
952 1948 1128 2014 Λύσις
1147 1950 1341 2005 ἕσπετο
1362 1950 1455 2004 καὶ
1473 1949 1896 2019 συμπαρεκαθέ-

227 2036 342 2097 ζετο
362 2029 496 2103 μετὰ
518 2038 621 2087 τοῦ
637 2032 971 2097 Μενεξένου.
995 2038 1322 2103 προσῆλθον
1343 2028 1408 2102 δὴ
1432 2031 1524 2086 καὶ
1543 2032 1599 2085 oc
1614 2027 1788 2097 ἄλλοι,
1810 2029 1900 2083 καὶ

226 2111 292 2184 δὴ
314 2114 404 2169 καὶ
425 2111 455 2169 ὁ
483 2110 845 2186 Ἱπποθάλης,
879 2112 1061 2185 ἐπειδὴ
1084 2119 1304 2177 πλείους
1323 2111 1469 2181 ἑώρα
1487 2113 1901 2182 ἐφισταμένους,

226 2195 459 2260 τούτους
474 2196 943 2268 ἐπηλυγισάμενος
959 2197 1230 2266 προσέστη
1250 2187 1288 2267 ᾗ
1306 2191 1378 2265 μὴ
1402 2191 1537 2267 ᾤετο
1557 2193 1904 2260 κατόψεσθαι

226 2276 326 2333 τὸν
335 2276 535 2347 Λύσιν,
559 2275 752 2343 δεδιὼς
771 2276 844 2350 μὴ
865 2276 1017 2353 αὐτῷ
1033 2275 1402 2348 άπεχθάνοιτο
1419 2297 1430 2308 ·
1450 2277 1543 2332 καὶ
1563 2274 1715 2331 οὕτω
1734 2296 1904 2346 προς-

229 2357 399 2424 εστι-ὂς
430 2358 684 2431 ἠκροᾶτο.
741 2361 833 2416 καὶ
871 2358 977 2430 ἐγω
1018 2357 1157 2431 πρὸς
1184 2356 1285 2415 τὸν
1312 2361 1631 2425 Μενέξενον
1666 2356 1904 2428 ἀποβλέ-

228 2452 352 2511 ψας,
375 2434 441 2495 Ὦ
462 2453 566 2497 παῖ
577 2449 979 2513 Δημοφῶντος,
998 2436 1073 2514 ἦν
1093 2440 1146 2498 δ’
1166 2442 1275 2512 ε’γεό
1288 2484 1302 2511 ,
1342 2440 1571 2510 πότερος
1590 2438 1750 2511 ὑμῶν
1767 2458 1904 2509 πρε-

167 2537 197 2577 C
228 2522 521 2594 σβύτερος;
551 2520 1056 2596 Ἀμφισβητοῦμεν,
1095 2530 1216 2597 ἔφη.
1289 2521 1514 2580 Οὐκοῦν
1532 2523 1624 2578 καὶ
1643 2519 1905 2590 ὁπότερος

225 2603 625 2675 γενναιότερος,
649 2603 853 2674 ἐρίζοιτ’
874 2605 961 2676 ἄν,
982 2600 1056 2678 ἦν
1076 2604 1125 2661 δ’
1150 2606 1272 2677 ἐγώ.
1327 2605 1494 2661 Πάνυ
1511 2626 1591 2675 γε,
1613 2608 1735 2675 ἔφη.
1792 2604 1903 2658 Καὶ

227 2685 339 2758 μὴν
370 2682 635 2757 ὁπότερός
662 2708 726 2757 γε
754 2692 1023 2759 καλλίων,
1063 2686 1337 2752 ὡσαύτως.
1402 2683 1769 2757 Ἐγελασάτην
1798 2677 1902 2740 οὖν

227 2767 410 2839 ἄμφω.
454 2766 539 2824 Οὐ
558 2766 671 2840 μὴν
690 2766 958 2841 ὁπότερός
977 2791 1065 2841 γε,
1095 2774 1238 2840 ἔφην
1251 2811 1266 2838 ,
1298 2766 1703 2838 πλουσιώτερος
1721 2765 1899 2838 ὑμῶν,

229 2848 332 2906 οὐκ
354 2849 644 2922 ἐρήσομαι·
674 2856 819 2921 φίλω
837 2851 946 2922 γάρ
967 2853 1144 2906 ἐστον.
1174 2843 1363 2921 ἦγάρς
1398 2849 1562 2905 Πάνυ
1579 2848 1655 2921 γ’,
1678 2849 1900 2920 ἐφάτην.
