1994 3100
219 137 285 187 28
810 135 1292 183 ΠΛΑΤΩΝΟΣ

220 268 368 340 ἡμῖν.
445 274 513 325 Τί
538 267 611 338 δ’,
650 262 687 339 ἦ
709 267 758 323 δ’
794 266 879 338 ὅς,
920 268 1024 322 οὐκ
1057 264 1129 322 ἂν
1158 265 1296 338 αὕτη
1329 267 1557 337 ω’φελοῖ;
1594 272 1643 323 εἰ
1658 264 1764 339 γάρ
1797 266 1892 322 ὅτι

222 352 456 423 μάλιστα
491 358 605 407 τῶν
641 353 955 423 ἐπιστημῶν
990 351 1255 422 ἐπιστήμη
1283 353 1428 407 ἐστὶν
1463 350 1495 422 ἡ
1536 352 1894 423 σωφροσύνη,

157 443 189 482 Ε
223 439 499 492 ἐπιστατεῖ
512 436 570 491 δὲ
589 436 680 490 καὶ
699 446 816 500 ταῖς
848 435 1038 501 ἄλλαις
1069 435 1410 507 ἐπιστήμαις,
1447 439 1538 492 καὶ
1563 438 1764 508 ταύτης
1794 438 1880 534 δή

223 537 333 572 που
364 514 435 572 ἀν
466 517 712 586 ἄρχουσα
742 522 836 586 τῆς
865 518 988 588 περὶ
1018 515 1268 587 τάγαθὸν
1288 516 1581 589 ἐπιστήμης
1602 516 1809 588 ωφελοῖ
1823 541 1893 572 αν

219 598 376 668 ἡμᾶς.
443 591 513 652 ’H
535 595 674 652 καὶ
644 603 916 667 υγιαίνειν
933 609 1106 667 ποιοῖ,
1128 593 1200 668 ἦν
1221 595 1270 652 δ’
1294 597 1427 668 ἐγώ,
1449 597 1614 668 αὕτη,
1648 597 1767 653 ἀλλ’
1794 596 1894 668 οὐχ

220 676 253 748 ἡ
277 677 520 748 ἰατρική·
507 719 522 743 ,
559 679 650 734 καὶ
674 673 844 734 ταλλα
877 702 941 734 τα
972 686 1086 734 τῶν
1113 686 1320 749 τεχνῶν
1340 678 1477 750 αὕτη
1499 675 1569 735 ἄν
1588 691 1763 748 ποιοῖ,
1803 681 1893 734 καὶ

221 760 322 832 οὐχ
351 763 411 815 αί
435 759 597 816 ἄλλαι
626 760 686 815 τὸ
710 758 880 832 αὐτῆς
900 766 1064 832 ἔργον
1081 762 1305 833 ἐκαστη;
1336 758 1373 832 ἠ
1393 759 1462 818 ού
1480 762 1648 819 πάλαι
1667 766 1893 832 διεμαρ-

219 843 523 914 τυράμεθα,
545 842 628 899 ὅτι
640 845 936 915 ἐπιστήμης
952 845 1129 915 μόνον
1149 846 1259 900 ἐστὶ
1278 845 1368 900 καὶ
1386 841 1895 915 ἀνεπιστημοσύνης

221 924 514 1024 ἐπιστήμη,
555 924 728 981 ἄλλου
760 926 819 982 δὲ
848 925 1105 989 οὐδενός·
1145 924 1246 996 οὐχ
1283 923 1484 990 οὕτωςς
1524 930 1788 981 Φαίνεταί
1813 946 1890 995 γε.

226 1003 346 1060 Οὐκ
379 1004 487 1075 ἄρα
517 1003 726 1076 ὑγιείας
761 1010 910 1063 ἔσται
948 1007 1295 1078 δημιουργός.
1367 1005 1453 1063 Οὐ
1489 1011 1638 1077 δῆτα.
1695 1005 1894 1077 ’Ἁλλης

110 1097 189 1144 175
220 1108 326 1157 γαρ
357 1109 430 1157 ην
459 1089 649 1158 τέχνης
683 1084 886 1157 ὑγίεια·
925 1084 961 1159 ἦ
998 1087 1092 1154 οὕ;
1128 1086 1341 1158 ’Ἀλλης
1418 1085 1557 1143 Οὐδ’
1598 1086 1706 1159 ἄρα
1745 1085 1883 1158 ὤφε-

221 1173 392 1239 λείας,
433 1171 474 1223 ῶ
509 1169 715 1238 ἑταῖρε·
754 1167 892 1241 α’λλῃ
923 1168 1030 1239 γὰρ
1061 1163 1136 1224 αὖ
1164 1167 1441 1241 ἀπέδομεν
1458 1176 1621 1226 τοῦτο
1641 1169 1702 1226 τὸ
1727 1174 1892 1240 ἔργον

219 1252 381 1321 τέχνη
400 1255 508 1304 νῦν
530 1250 618 1321 δή·
640 1253 673 1320 ή
696 1252 828 1320 γάρς
855 1251 1020 1306 Πανυ
1039 1273 1116 1320 γε.
1180 1257 1310 1315 Πῶς
1329 1272 1434 1306 ουν
1454 1249 1724 1322 ωφέλιμος
1744 1255 1891 1307 ἔσται

216 1330 250 1404 ἡ
271 1332 627 1402 σωφροσύνη,
649 1329 909 1402 οὐδεμιᾶς
927 1331 1192 1403 ὠφελείας
1212 1326 1352 1388 οὖσα
1372 1333 1732 1404 δημιουργός;
1774 1330 1891 1387 Οὐ-

221 1417 434 1484 δαμῶς,
459 1407 504 1467 ῶ
523 1413 887 1512 Σῶκρατες,’
867 1417 1015 1470 εὀικέ
1033 1436 1110 1484 γε.

359 1499 534 1549 XXIII.
597 1491 758 1567 Ὁρᾷς
781 1497 912 1565 οὐν,
945 1490 990 1549 ῶ
1009 1501 1235 1565 Κριτία,
1265 1493 1338 1560 ὥς
1357 1492 1486 1592 57⁶5.-
1483 1494 1653 1549 πάλαι
1673 1492 1894 1558 εἰκότως

220 1579 516 1632 ἐδεδοίκειν
543 1578 634 1631 καὶ
663 1579 882 1640 δικαίως
909 1573 1151 1646 ἐμαυτὸν
1179 1573 1424 1647 ᾐτιωμην
1453 1573 1538 1630 ὅτι
1566 1574 1730 1630 οὐδὲν
1757 1597 1892 1646 χρη-

222 1655 356 1713 στόν
377 1660 502 1727 περὶ
534 1658 906 1729 σωφροσύνης
934 1663 1126 1712 σκοπῶ
1136 1681 1151 1723 ;
1189 1656 1255 1712 ού
1275 1679 1379 1726 γαρ
1399 1656 1472 1712 ἄν
1490 1676 1600 1711 που
1621 1654 1654 1711 ὅ
1672 1677 1735 1725 γε
1753 1656 1891 1711 κάλ-

159 1749 186 1789 Β
220 1745 408 1793 λιστον
436 1739 662 1794 πάντων
681 1738 1025 1810 ὁμολογεῖται
1056 1737 1222 1808 εἶναι,
1260 1745 1423 1794 τοῦτο
1455 1735 1585 1809 ἡμῖν
1613 1735 1892 1807 ἀνωφελὲς

220 1820 426 1891 ἐφάνη,
467 1829 522 1876 εἴ
542 1843 594 1876 τι
624 1825 761 1892 ἐμοῦ
790 1819 991 1891 ὄφελος
1019 1814 1092 1891 ἦν
1111 1818 1249 1891 πρὸς
1272 1819 1332 1875 τὸ
1356 1826 1535 1884 καλῶς
1555 1823 1743 1889 ζητεῖν.
1780 1825 1890 1872 νῦν

220 1904 282 1956 δέ
303 1935 365 1943 -
397 1909 646 1974 πανταχῇ
675 1903 783 1973 γάρ
814 1900 1132 1974 ἡττῶμεθα,
1172 1902 1262 1956 καὶ
1285 1899 1354 1956 οὐ
1384 1900 1676 1972 δυνάμεθα
1705 1897 1891 1968 εὑρεῖν
1923 1967 1927 1970 .

219 1980 297 2052 ἐφ’
331 1980 440 2051 ὅτῳ
461 1982 592 2039 ποτὲ
616 1990 730 2038 τῶν
761 1982 942 2038 ὄντων
973 1981 1001 2037 ὁ
1035 1980 1439 2053 ὀνοματοθέτης
1457 1988 1620 2038 τοῦτο
1643 1980 1890 2051 τοῦνομα

220 2070 407 2135 ἔθετο,
447 2062 551 2136 τὴν
571 2065 960 2136 σωφροσύνην.
1001 2071 1176 2120 καίτοι
1198 2065 1373 2120 πολλοί
1391 2086 1453 2134 γε
1474 2062 1891 2135 ξυγκεχωρήκα-

219 2166 321 2216 μεν
341 2144 410 2201 ού
431 2144 798 2218 ξυμβαίνονθ’
824 2143 956 2216 ἡμῖν
975 2148 1036 2201 ἐν
1054 2150 1128 2218 τῷ
1150 2145 1315 2218 λόγῳ.
1352 2144 1567 2216 καὶγὰρ
1590 2144 1891 2216 ἐπιστήμην

219 2227 515 2298 ἐπιστήμης
539 2227 678 2283 εἶναι
708 2227 1190 2298 ξυνεχωρήσαμεν,
1230 2224 1332 2282 οὐκ
1350 2231 1549 2292 ἐῶντος
1579 2234 1681 2282 τοῦ
1715 2226 1890 2296 λόγου

220 2307 351 2364 οὐδὲ
371 2309 686 2379 φάσκοντος
714 2308 879 2365 εἶναι·
921 2311 1011 2365 καὶ
1038 2309 1209 2381 ταύτῃ
1239 2303 1314 2363 αὖ
1339 2315 1404 2382 τῇ
1426 2309 1691 2381 ἐπιστήμῃ
1716 2305 1889 2363 καὶτὰ

156 2403 188 2445 G
219 2397 332 2444 τῶν
352 2390 539 2446 ἄλλων
566 2394 880 2463 ἐπιστημῶν
908 2396 1040 2461 ἔργα
1068 2390 1396 2461 γιγνώσκειν
1416 2389 1887 2461 ξυνεχωρήσαμεν,

220 2469 351 2528 οὐδὲ
370 2473 523 2527 τοῦτ’
545 2475 745 2538 ἐῶντος
762 2479 863 2528 τοῦ
896 2474 1094 2543 λόγου,
1135 2477 1227 2528 ἵνα
1251 2471 1316 2544 δὴ
1337 2471 1469 2544 ἡμῖν
1489 2475 1703 2542 γένοιτο
1725 2471 1753 2526 ὁ
1776 2471 1882 2526 σῶ-

219 2574 382 2623 φρων
400 2554 714 2625 ἐπιστήμων
735 2546 815 2609 ῶν
832 2576 890 2609 τε
912 2554 1089 2623 οἶδεν,
1129 2553 1213 2609 ὅτι
1233 2555 1373 2625 οἶδε,
1405 2556 1496 2609 καὶ
1524 2548 1606 2609 ῶν
1620 2552 1693 2624 μὴ
1719 2553 1886 2621 οἶδεν,

218 2635 303 2692 ὅτι
331 2634 434 2692 οὐκ
466 2636 595 2692 οἶδε.
635 2645 796 2693 τοῦτο
816 2637 918 2708 μὲν
938 2638 1003 2709 δὴ
1024 2640 1115 2694 καὶ
1134 2638 1446 2693 παντάπασι
1463 2641 1889 2708 μεγαλοπρεπῶς

221 2717 680 2788 ξυνεχωρήσαμεν
694 2761 708 2786 ,
741 2716 870 2773 οὐδ’
903 2721 1328 2789 ἐπισκεψάμενοι
1346 2717 1407 2772 τὸ
1429 2716 1709 2773 ἀδύνατον
1729 2715 1886 2785 εἶναι,

220 2796 259 2853 ἅ
285 2820 366 2863 τις
388 2796 462 2871 μὴ
496 2798 609 2854 οἶδε
637 2803 926 2871 μηδαμῶς,
964 2807 1136 2855 ταῦτα
1159 2803 1358 2856 εἰδέναι
1376 2797 1529 2870 ἁμῶς
1545 2801 1611 2869 γέ
1627 2819 1741 2862 πως
1758 2818 1769 2829 ·
1807 2797 1888 2852 ὅτι
