1962 3112
327 8 374 19 -κ,

245 181 348 232 452
851 180 1320 228 ΠΛΑΤΩΝΟΣ
1861 188 1919 230 90

250 313 401 386 αὐτῷ
423 313 750 385 μηδαμόθεν
769 312 1013 368 ἄλλοθεν
1040 313 1143 382 τήν
1164 317 1436 382 σωτηρίαν
1464 317 1725 382 γενέσθαι
1746 312 1857 369 ἀλλ’
1881 311 1917 384 ἦ
1952 372 1953 378 ¹

187 404 220 443 E
252 399 310 450 ἐκ
341 397 540 465 ταύτης
572 401 667 466 τῆς
699 394 934 464 πόλεως,
970 392 1042 463 ἣν
1085 394 1391 463 προθύμως
1426 391 1666 450 άπώλλυ.
1721 397 1810 450 καὶ
1850 395 1954 466 δὴ

247 480 338 532 καὶ
376 486 431 532 εἴ
467 500 547 541 τις
593 476 850 546 βούλοιτο
890 483 984 545 τῆς
1029 475 1240 540 πόλεως
1274 482 1644 546 κατηγορῆσαι
1677 481 1916 547 δικαίως,
1953 526 1955 530 ,

246 556 388 614 τοῦτ’
413 554 483 611 ἂν
502 557 679 627 μόνον
710 558 885 626 λέγων
915 555 1102 624 ὀρθῶς
1131 552 1201 610 ἄν
1228 569 1548 627 κατηγοροῖ,
1591 554 1663 621 ὥς
1691 555 1774 612 άεὶ
1793 563 1918 612 λίαν
1953 554 1955 565 ’

249 644 647 709 φιλοικτίρμων
676 639 784 693 ἐστὶ
819 640 907 693 καὶ
936 644 1037 693 τοῦ
1066 636 1294 707 ἥττονος
1322 644 1567 706 θεραπίς.
1621 640 1711 694 καὶ
1740 637 1805 710 δὴ
1827 641 1918 694 καὶ
1950 643 1955 692 ἒ

249 724 308 776 ἐν
326 727 401 793 τῷ
422 721 544 775 τότε
562 719 743 792 χρόνῳ
766 718 866 789 οὐχ
883 723 968 773 οἵα
990 741 1046 773 τε
1062 722 1276 788 ἐγένετο
1298 727 1626 790 καρτερῆσαι
1646 718 1777 775 οὐδὲ
1797 723 1916 775 δια-
1953 743 1955 763 2

249 802 489 872 φυλάξαι
518 797 551 856 ἃ
582 803 833 856 ἐδέδοκτο
865 799 1031 871 αὐτῇ,
1074 799 1134 855 τό
1166 802 1358 871 μηδενὶ
1396 805 1749 874 δουλουμένφ
1778 808 1916 872 βοη-
1954 808 1955 843 ἓ

134 886 218 930 245
247 893 374 939 θεῖν
405 890 517 938 τῶν
545 890 690 954 σφοῖς
720 881 1133 952 ἀδικησάντων,
1170 880 1307 937 άλλα
1341 881 1601 952 ἐκάμφθη
1634 885 1723 937 καὶ
1752 883 1917 953 ε’βοή-
1954 897 1956 930 J

246 974 412 1036 θησε,
435 967 526 1020 καὶ
545 964 675 1029 τοὺς
694 967 794 1034 μὲν
812 963 1078 1034 Έλληνας
1097 961 1235 1034 αὐτὴ
1257 965 1584 1063 βοηθήσασα
1604 963 1914 1019 ἀπελύσατο
1954 987 1957 1006 ³

252 1051 529 1115 δουλείας,
570 1043 689 1100 ὥστ’
725 1048 1054 1113 ἐλευθέρους
1091 1045 1231 1100 εἶναι
1260 1047 1416 1115 μέχρι
1457 1046 1524 1100 οὐ
1556 1045 1724 1100 πάλιν
1760 1049 1916 1100 αυτοι
1955 1044 1956 1047 '

250 1125 457 1191 αὐτοὺς
477 1126 989 1197 κατεδουλώσαντο,
1027 1133 1245 1198 βασιλεῖ’
1266 1130 1324 1182 δὲ
1352 1125 1487 1198 αὐτὴ
1519 1151 1621 1198 μεν
1640 1127 1742 1183 οὐκ
1762 1127 1917 1183 ἐτόλ-
1955 1163 1957 1165 >

248 1226 386 1279 μησε
414 1215 720 1280 βοηθῆσαι,
761 1211 1126 1278 αἰσχυνομένη
1156 1208 1222 1263 τὰ
1254 1209 1491 1277 τρόπαια
1521 1211 1587 1264 τά
1624 1232 1682 1264 τε
1710 1216 1916 1278 Μαρα-
1955 1245 1962 1264 «,

248 1297 396 1345 θῶνι
415 1291 505 1345 καὶ
524 1297 799 1361 Σαλαμῖνι
826 1292 915 1344 καὶ
936 1296 1262 1356 Πλαταιαῖς,
1300 1290 1553 1359 φυγάδας
1582 1293 1640 1345 δὲ
1669 1293 1758 1345 καὶ
1788 1293 1916 1346 ἐθε-
1960 1306 1962 1342 4

249 1369 447 1436 λοντάς
480 1372 686 1427 ἐάσασα
714 1373 892 1442 μόνον
922 1378 1200 1442 βοηθῆσαι
1238 1370 1691 1442 ὁμολογουμένως
1729 1378 1908 1427 ἔσωσε.
1960 1392 1962 1414 ²

192 1457 223 1496 Β
249 1457 590 1525 τειχισαμένη
612 1454 669 1509 δὲ
688 1458 777 1509 καὶ
793 1455 1275 1524 ναυπηγησαμένη,
1291 1457 1617 1524 ἐκδεξαμένη
1635 1454 1734 1508 τὸν
1751 1453 1906 1510 πόλεα
1961 1470 1962 1474 ’

247 1558 370 1607 μον,
385 1534 567 1607 ἐπειδὴ
586 1535 917 1606 ἠναγκάσθη
939 1542 1212 1605 πολεμεῖν,
1235 1534 1374 1604 ὑπὲρ
1389 1534 1649 1606 Ἀργείων
1670 1538 1907 1606 ἐπολέμει

247 1620 713 1687 Λακεδαιμονίοις.

390 1704 547 1754 XVII.
626 1701 903 1768 Φοβηθεὶς
924 1698 981 1753 δε
1000 1697 1259 1770 βασιλευς
1278 1697 1379 1767 τήν
1399 1698 1563 1753 πόλιν
1574 1698 1842 1769 ,ἐπειδὴ
1815 1699 1906 1754 εω’-
1939 1756 1942 1758 ,

250 1803 319 1850 ρα
337 1785 808 1850 Λακεδαιμονίους
824 1803 898 1835 τω
916 1803 1053 1835 κατα
1066 1781 1349 1834 θάλατταν
1368 1783 1586 1854 πολέμῳ
1605 1780 1908 1859 άπαγορευ-

248 1887 445 1967 οντας,
469 1862 772 1933 ἀποστῆναι
792 1864 1134 1934 βουλόμενος
1159 1862 1331 1933 ἐξῄτει
1349 1864 1478 1926 τούς
1491 1862 1758 1933 Ἕλληνας
1787 1885 1914 1929 τους

248 1969 310 2001 εν
330 1952 395 2017 τῇ
414 1945 640 2018 ἠπείρῳ,
665 1944 873 2013 οὕσπερ
898 1946 1169 2016 πρότερον
1186 1945 1615 2015 Λακεδαιμόνιοι
1635 1944 1785 2018 αὐτῷ
1804 1948 1918 2010 ἐξέ-
1939 1873 1957 2000 ξ

249 2032 448 2094 δοσαν,
491 2032 539 2082 εἰ
576 2031 763 2097 μέλλοι
802 2028 1177 2098 συμμαχήσειν
1213 2023 1346 2097 ἡμῖν
1384 2048 1440 2080 τε
1476 2028 1567 2081 καὶ
1594 2039 1705 2090 τοις
1734 2001 1919 2091 άλλοις
1939 2023 1962 2099 ι’]

248 2107 577 2179 συμμάχοις,
599 2108 908 2179 ηγούμενος
926 2131 1029 2164 ουκ
1049 2108 1364 2178 ἐθελήσειν,
1383 2105 1450 2162 ἴ’ν
1473 2105 1622 2162 αὐτω
1641 2130 1745 2177 προ
1755 2125 1918 2178 φασις
1928 2118 1953 2181 7}

189 2197 223 2238 εἶ
251 2198 331 2260 εἴη
351 2195 446 2260 τῆς
463 2187 830 2255 ἀποστάσεως.
876 2194 967 2246 καὶ
986 2197 1100 2245 τῶν
1119 2189 1220 2260 μὲν
1238 2189 1422 2244 ἄλλων
1441 2189 1734 2260 ξυμμάχων
1754 2190 1938 2256 ἐψεύ-
1960 2257 1962 2270 ΐ

248 2280 388 2342 σθη·
424 2269 707 2342 ἠθέλησαν
725 2271 831 2341 γάρ
870 2270 1018 2344 αὐτῷ
1057 2271 1333 2326 ἐκδιδόναι
1369 2273 1456 2325 καὶ
1495 2275 1792 2336 ξυνέθεντο
1829 2274 1962 2344 καὶ-ἕ

249 2353 474 2423 ὤμοσαν
510 2359 807 2421 Κορίνθιοι
853 2355 943 2408 καὶ
979 2352 1207 2421 Ἀργεῐοι
1226 2354 1315 2407 καὶ
1361 2353 1592 2408 Βοιωτοὶ
1628 2355 1718 2407 καὶ
1760 2354 1962 2409 ἅλλοιῖ

250 2435 549 2506 σύμμαχοι,
573 2440 623 2489 εἰ
638 2437 826 2505 μέλλοι
844 2435 1091 2533 χρήματα
1116 2438 1398 2506 παρέξειν,
1432 2435 1692 2502 ἐκδώσειν
1711 2433 1840 2499 τοὺς
1858 2437 1930 2490 ἐι

249 2524 314 2588 τῇ
334 2516 539 2590 ἠπείρω
556 2515 838 2587 Έλληνας·
860 2517 1024 2587 μόνοι
1037 2514 1144 2570 δε’
1114 2529 1267 2586 ημεῐς
1298 2538 1400 2570 ουκ
1425 2517 1797 2587 ἐτολμήσαμεν
1819 2516 1915 2571 οὔ·
1960 2530 1962 2558 ³

251 2621 307 2654 τε
337 2602 597 2653 ἐκδοῦναι
629 2598 755 2652 οὔτε
787 2597 1000 2668 ὀμόσαι.
1054 2595 1199 2652 οὕτω
1232 2599 1300 2669 δή
1318 2620 1404 2653 τοι
1419 2599 1483 2654 τό
1503 2621 1564 2666 γε
1593 2605 1686 2667 τῆς
1707 2599 1919 2664 πόλεως
1958 2611 1961 2618 ’

249 2692 511 2751 γενναῖον
529 2681 617 2733 καὶ
636 2680 939 2747 ἐλεύθερον
957 2680 1187 2750 βέβαιόν
1204 2701 1261 2734 τε
1290 2683 1380 2734 και
1397 2677 1548 2749 υγιές
1567 2682 1676 2734 ἐστι
1696 2703 1784 2735 και
1804 2681 1886 2750 φύ
1911 2688 1927 2744 ᾗ
1961 2672 1962 2704 ³

176 2758 211 2799 D
249 2778 331 2816 σει
358 2760 802 2831 μισοβάρβαρον,
843 2759 932 2815 δια
962 2761 1022 2816 τό
1056 2765 1361 2832 εἰλικρινῶς
1390 2759 1528 2815 εἶναι
1551 2759 1808 2832 Ἐλληνες
1826 2774 1929 2832 καξ
1961 2765 1962 2818 J

248 2839 458 2912 ἀμιγεῖς
492 2841 810 2913 βαρβάρων.
868 2840 937 2897 οὐ
974 2865 1081 2911 γαρ
1101 2844 1344 2906 Πέλοπες
1381 2841 1511 2897 οὐδε
1542 2843 1758 2914 Κάδμοι
1786 2842 1877 2898 οὐ
1900 2842 1926 2914 'J'
1960 2865 1962 2871 ·
