1962 3112
205 104 310 154 402
807 108 1278 157 ΠΛΑΤΩΝΟΣ
1823 120 1883 164 40

146 254 178 294 D
212 240 300 292 καὶ
339 239 602 305 πολλάκις
639 239 898 309 ἀνερωτῶ
910 265 923 306 ;
965 240 1104 296 ἀλλά
1139 263 1233 312 μοι
1272 249 1445 312 πειρῶ
1478 244 1665 314 πράως
1695 266 1753 300 τε
1793 246 1882 300 καὶ

210 317 455 385 εὐκόλως
474 317 890 392 ἀποκρίνεσθαι.

350 407 450 457 ΙΠ.
489 401 735 473 Αίσχρόν
754 401 861 475 γὰρ
883 401 958 459 ἄν
977 412 1077 476 εἴη,
1100 399 1146 460 αἶ
1164 405 1474 478 Σώκρατες,
1496 413 1546 463 εἰ
1562 406 1765 473 ἄλλους
1783 409 1870 478 μὲι

212 482 353 538 αὐτὰ
382 490 555 539 ταῦτα
584 485 831 540 παιδεύω
865 487 957 541 καὶ
988 484 1122 552 ἀξιῶ
1149 486 1238 543 διά
1267 494 1440 543 ταῦτα
1468 489 1714 560 χρήματα
1744 496 1883 559 λαμ-

212 565 423 636 βάνειν,
456 564 622 630 αὐτὸς
653 567 712 622 δὲ
739 565 846 621 ὑπὸ
883 574 986 622 σοῦ
1014 569 1365 639 ἐρωτώμενος
1384 567 1457 640 μὴ
1480 569 1813 640 συγγνώμην
1831 566 1881 624 τ’
1955 630 1957 637 ,

213 651 386 717 ἔχοιμι
406 649 498 702 καὶ
516 648 706 716 πράως
727 647 1144 720 ἀποκρινοίμην.
1926 705 1930 709 ,
1956 698 1957 703 ,

352 734 438 785 1V.
512 734 637 784 ΣΩ.
690 730 857 785 Πάνυ
875 738 1055 795 καλῶς
1075 733 1262 801 λέγεις.
1304 731 1411 801 ἐγώ
1440 733 1548 803 γάρ
1575 754 1687 802 τοι,
1723 730 1886 803 ἡνίκα

213 811 316 880 μὲν
354 809 585 881 ἄριστον
621 809 722 868 τὸν
741 810 980 882 Ἀχιλλέα
1001 819 1222 882 ἔφησθα
1255 821 1618 885 πεποιῆσθαι,
1654 813 1885 868 ἐδόκουν
1957 807 1962 821 “

215 909 319 946 σου
337 892 650 962 μανθάνειν
673 892 706 950 ὅ
723 915 775 947 τι
794 899 990 964 ἔλεγες,
1010 896 1101 950 καὶ
1118 894 1283 966 ἡνίκα
1300 895 1400 951 τὸν
1425 897 1679 967 Νέστορα
1700 894 1889 964 σοφώ-

150 990 184 1032 Ε
216 994 406 1029 τατον·
443 973 627 1045 ἐπειδὴ
662 974 719 1031 δὲ
747 973 848 1031 τὸν
873 974 1136 1033 Ὀδυσσέα
1158 976 1302 1042 εἶπες
1321 978 1404 1033 ὅτι
1423 976 1733 1048 πεποιηκώς
1752 985 1834 1047 εἴη
1858 974 1883 1031 ἔ

216 1052 443 1126 ποιητὴς
457 1057 972 1128 πολυτροπώτατον,
989 1065 1153 1113 τοῦτο
1175 1058 1247 1129 δ’,
1272 1058 1345 1123 ὥς
1364 1081 1426 1129 γε
1446 1059 1583 1127 πρὸς
1599 1059 1658 1115 σὲ
1673 1056 1890 1128 τάληθῆ

219 1141 501 1207 εἰρῆσθαι,
532 1139 886 1194 παντάπασιν
916 1138 1018 1195 οὐκ
1040 1139 1146 1196 οἶδ’
1176 1139 1207 1195 ὅ
1238 1164 1290 1195 τι
1308 1143 1498 1211 λέγεις.
1535 1148 1632 1196 καί
1645 1163 1738 1211 μοι
1757 1143 1887 1210 εἰπέ,

219 1216 290 1274 ἄν
319 1242 370 1274 τι
391 1223 619 1275 ἐνθένδε
638 1227 851 1291 μᾶλλον
870 1223 1063 1293 μάθω·
1101 1222 1130 1278 6
1157 1221 1427 1293 ’Λχιλλεύς
1457 1219 1525 1278 οὐ
1548 1221 1892 1291 πολύτροπος

222 1307 295 1375 τῷ
317 1299 535 1374 Ὁμήρῳ
557 1308 870 1373 πεποίηται;

361 1389 462 1439 ΙΠ.
507 1382 739 1440 ’Ὴκιστά
775 1407 864 1454 γε,
904 1379 949 1440 ὦ
977 1385 1295 1454 Σώκρατες,
1337 1383 1461 1441 ἀλλ’
1499 1383 1892 1450 ἁπλούστατος,

220 1466 335 1521 ἐπεὶ
353 1467 443 1521 καὶ
462 1467 523 1521 έν
539 1471 744 1534 Λιταῖς,
766 1465 929 1537 ἡνίκα
948 1466 1085 1535 πρὸς
1104 1465 1376 1538 ἀλλήλους
1392 1478 1539 1522 ποιεῖ
1551 1463 1753 1530 αὐτοὺς
1773 1469 1894 1520 δια-

221 1551 579 1619 λεγομένους,
618 1552 761 1619 λέγει
789 1546 942 1623 αὐτςό
969 1547 997 1604 6
1032 1547 1303 1619 Ἀχιλλεὺς
1333 1546 1470 1618 πρὸς
1491 1546 1589 1603 τὸν
1615 1545 1892 1615 Ὀδυσσέα,

108 1643 192 1690 365
325 1630 588 1700 Διογενὲς
605 1630 916 1700 Λαερτιάδη
930 1675 941 1696 ,
962 1629 1306 1700 πολυμήχαν’
1323 1627 1590 1685 Ὀδυσσεῦ
1607 1672 1620 1697 ,

325 1709 427 1781 χρὴ
449 1711 551 1781 μὲν
570 1709 636 1782 δὴ
655 1709 756 1766 τὸν
776 1717 964 1782 μῦθον
983 1709 1294 1781 ἀπηλεγέως
1311 1709 1597 1766 ἀποειπεῖν
1610 1753 1623 1778 ,

330 1790 514 1862 ὥσπερ
535 1791 601 1863 δὴ
624 1795 836 1862 κρανέω
854 1814 912 1847 τε
931 1794 1023 1848 καὶ
1042 1790 1115 1857 ὡς
1133 1794 1416 1848 τελέεσθαι
1434 1791 1531 1848 ὀΐω
1545 1835 1560 1863 ,

332 1871 427 1943 [ως
444 1873 520 1945 μή
541 1896 634 1944 μοι
658 1873 882 1945 τρύζητε
902 1875 1209 1945 παρήμενοι
1228 1873 1470 1930 άλλοθεν
1489 1873 1689 1940 ἄλλος]

333 1954 534 2026 ἐχθρὸς
550 1957 657 2027 γάρ
676 1978 770 2027 μοι
788 1968 968 2020 κεῖνος
988 1953 1134 2026 ὅμως
1148 1953 1328 2011 Ἀίδαο
1348 1955 1591 2027 πύλῃσιν
1606 1996 1620 2024 ,

165 2054 198 2096 Β
333 2034 395 2103 ός
414 2036 466 2108 χ’
497 2039 687 2109 ἕτερον
705 2039 807 2109 μὲν
826 2038 1007 2110 κεύθῃ
1026 2039 1108 2093 ἐνὶ
1128 2043 1352 2108 φρεσίν,
1390 2035 1524 2092 άλλο
1544 2036 1602 2092 δε
1622 2044 1759 2108 εἴπῃ.

331 2117 506 2189 αὐτὰρ
525 2121 669 2191 ἐγών
685 2123 847 2190 ε’ρέω,
871 2118 943 2184 ὡς
962 2121 1053 2175 καὶ
1071 2122 1456 2191 τετελεσμένον
1476 2123 1640 2176 ἔσται.

224 2203 286 2258 ἐν
313 2202 529 2267 τούτοις
558 2206 718 2273 δηλοῖ
740 2214 851 2267 τοῖς
882 2207 1035 2258 ἔπεσι
1053 2202 1153 2257 τὸν
1171 2201 1381 2270 τρόπον
1399 2201 1659 2269 ἑκατέρου
1677 2204 1776 2255 τοῦ
1797 2196 1899 2254 ἀν-
1956 2199 1962 2209 '

227 2283 385 2354 δρός,
427 2280 501 2349 ὥς
528 2282 556 2338 6
588 2283 690 2354 μὲν
714 2281 987 2354 Ἀχιλλεὺς
1007 2291 1087 2354 εἴη
1111 2280 1324 2355 ἀληθής
1342 2304 1398 2339 τε
1420 2283 1511 2339 καὶ
1530 2279 1768 2351 ἁπλοῦς,
1789 2278 1817 2335 ὁ
1839 2282 1898 2336 δὲ

224 2363 520 2431 Ὀδυσσεύς
559 2366 912 2436 πολύτροπός
946 2388 1005 2421 τε
1049 2367 1141 2421 καὶ
1178 2365 1411 2436 ψευδής·
1461 2375 1610 2420 ποιεῖ
1647 2360 1754 2433 γὰρ
1798 2360 1898 2417 τὸν
1955 2413 1959 2416 f

223 2445 463 2518 Ἀχιλλέα
482 2452 558 2512 εἰς
577 2445 677 2503 τὸν
690 2445 953 2504 Ὀδυσσέα
972 2449 1202 2518 λέγοντα
1219 2453 1391 2502 ταῦτα
1409 2444 1475 2502 τά
1499 2450 1616 2516 ἔπη.
1955 2447 1962 2463 “

372 2534 494 2584 ΣΩ.
551 2534 682 2583 Νῦν
715 2530 811 2600 δή,
858 2523 902 2584 ὦ
931 2527 1136 2596 Ἱππία,
1175 2526 1488 2583 κινδυνεύω
1526 2524 1837 2597 μανθάνειν
1866 2520 1898 2578 ὃ
1944 2526 1951 2593 ᾗ

229 2609 424 2679 λέγεις·
446 2609 546 2663 τὸν
561 2608 918 2677 πολύτροπον
937 2611 1112 2679 ψευδῆ
1133 2611 1330 2677 λέγεις,
1352 2605 1427 2672 ὥς
1445 2628 1506 2677 γε
1526 2611 1792 2676 φαίνεται.

168 2700 199 2744 c
368 2695 469 2746 III.
521 2690 809 2763 Μάλιστα,
834 2685 878 2745 ὦ
898 2690 1216 2759 Σώκρατες·
1237 2693 1490 2744 τοιοῦτον
1507 2684 1614 2757 γὰρ
1637 2687 1898 2756 πεποίηκε
1940 2702 1943 2706 ’
