1962 3112
179 128 281 179 196
794 127 1273 177 ΠΛΑΤΩΝΟΣ
1771 135 1854 178 108

179 284 317 350 ριων
335 268 430 334 τῆς
450 260 662 332 ἀρετῆς.
683 262 776 316 καὶ
795 259 902 331 ἐγω
924 259 1101 324 εὐθὺς
1123 261 1246 315 τότε
1263 260 1414 314 πάνυ
1431 260 1728 348 ἐθαύμασα
1748 259 1853 332 τὴν

181 331 506 422 απόκρισιν,
547 333 637 386 καὶ
667 334 746 385 ἔτι
757 336 984 419 μαλλον
1003 328 1189 400 ἐπειδὴ
1216 335 1390 384 ταῦτα
1415 328 1547 417 μεθ’
1582 329 1740 400 ὑμῶν
1770 335 1855 386 60-

175 407 428 473 εξῆλθον.
470 401 693 489 ἠρόμην
718 398 771 456 δ’
793 403 900 455 οὐν
917 422 1135 490 τουτον,
1157 404 1208 454 εἰ
1233 397 1366 464 τούς
1396 403 1700 487 ανδρείους
1706 405 1854 486 λέγοι

117 479 150 522 C
176 473 552 559 θαρραλέους·
575 468 605 527 ὅ
629 472 706 539 65¹,
726 473 818 527 καὶ
840 478 956 535 ἴτας
973 469 1047 541 γ’,
1077 474 1195 554 ἐφη.
1229 473 1529 561 μέμνησαι,
1559 466 1658 558 ἦν
1649 467 1700 525 6'
1726 471 1852 540 ἐγώ,

178 546 219 597 ὠ
241 542 620 631 Πρωταγόρα,
629 547 801 596 ταῦτα
821 539 1288 610 ἀποκρινόμενος;
1301 539 1608 631 Ὡμολόγει
1630 539 1745 596 Ἴθι
1765 542 1852 626 δή,

175 617 317 682 ε’φην
339 611 496 685 ἐγώ,
514 610 630 667 εἰπὲ
656 607 815 681 ἡμῖν,
855 613 941 665 ἐπὶ
970 616 1092 666 τίνα
1121 612 1293 696 λέγεις
1313 619 1428 674 ἴτας
1446 609 1586 665 εἶναι
1603 607 1732 674 τούς
1752 608 1854 664 ἇν-

176 687 418 750 δρείους;
458 685 491 752 ἡ
526 680 618 768 ἐφ’
655 682 797 770 άπερ
829 684 885 735 οἱ
920 684 1112 745 δειλοί;
1152 678 1273 735 Οὐκ
1303 685 1424 750 ἔφη.
1502 678 1731 737 Οὐκοῦν
1761 679 1847 750 ἐφ’

175 753 348 818 ἕτερα.
400 758 540 822 Ναί,
573 744 611 822 ἦ
633 749 687 805 δ’
708 751 783 814 ὅς.
857 750 1112 817 Πότερον
1130 754 1186 805 οἱ
1200 750 1300 836 μὲν
1322 751 1488 806 δειλοὶ
1509 753 1596 806 ἐπὶ
1614 749 1680 805 τὰ
1705 758 1851 836 θαρ-

177 823 345 893 ραλέα
365 827 670 907 ἔρχονται,
679 824 736 876 oc
760 821 818 875 δε
843 819 1090 907 ἀνδρεῖοι
1106 822 1194 875 ε’πὶ
1212 842 1276 875 τα
1300 820 1479 884 δεινάς
1511 823 1742 890 Λέγεται
1763 820 1850 891 δή,

175 894 219 946 ὠ
241 892 572 977 Σώκρατες,
599 889 776 954 οὕτως
795 888 904 945 ὑπὸ
926 912 1040 945 των
1058 888 1406 976 άνθρωπων.
1437 887 1670 983 Ἀληθῆ,
1712 895 1851 961 ἐφην

110 967 147 1007 D
179 960 302 1030 ἐγώ,
323 963 520 1048 λέγεις·
541 958 667 1015 ἀλλ’
689 959 757 1015 οὐ
778 966 939 1048 τουτο
961 963 1162 1044 ἐρωτω,
1183 957 1323 1015 ἀλλὰ
1342 958 1413 1014 σὺ
1433 962 1518 1016 ἐπὶ
1536 966 1593 1015 τί
1608 961 1717 1032 φῂς
1736 969 1852 1044 ι”τας

174 1032 314 1088 εἶναι
331 1029 462 1095 τοὺς
480 1030 797 1117 ἀνδρείους;
819 1028 908 1096 ἄρ’
933 1032 1021 1085 ἐπὶ
1038 1028 1103 1084 τὰ
1126 1030 1280 1085 δεινά
1295 1073 1308 1098 ,
1328 1028 1676 1114 ἡγουμένους
1696 1029 1849 1085 δεινα
1874 1084 1877 1086 ,

174 1102 340 1166 εἶναι,
369 1097 412 1187 ἠ
407 1099 520 1156 ἐπὶ
539 1123 605 1155 τα
626 1101 730 1172 μή·
717 1142 731 1166 ,
765 1098 923 1186 ’Ampe
942 1100 1108 1155 τοῦτο’
1126 1098 1181 1169 γ’
1170 1143 1202 1187 ,
1233 1104 1368 1186 ἔφη,
1400 1103 1459 1155 ἐν
1480 1095 1561 1164 οἷς
1581 1117 1651 1155 συ
1674 1106 1853 1169 ε’λεγες

171 1184 286 1235 τοῖς
315 1171 505 1258 λόγοις
537 1169 834 1241 ἀπεδείχθη
870 1169 994 1252 ἄρτι
1030 1168 1114 1224 ὅτι
1152 1169 1449 1225 ἀδύνατον.
1523 1173 1632 1224 Καὶ
1665 1177 1847 1238 τοῦτο,

173 1245 314 1312 ἔφην
330 1240 454 1329 ἐγώ,
476 1239 681 1326 ἀληθὲς
688 1243 895 1328 λέγεις·
921 1238 1048 1294 ὥστ’
1075 1245 1125 1295 εἰ
1140 1246 1302 1296 τοῦτο
1325 1237 1511 1307 ὀρθῶς
1530 1238 1847 1331 ἀπεδείχθη,

173 1313 260 1367 ἐπὶ
291 1312 392 1402 μὲν
423 1311 458 1366 ὁὶ
489 1308 641 1366 δεινα
671 1309 880 1398 ἡγεῖται
909 1309 1050 1364 εἶναι
1077 1309 1259 1374 οὐδεις
1287 1315 1523 1401 ἔρχεται,
1562 1311 1747 1398 ἐπειδὴ
1786 1311 1845 1365 τὸ

170 1380 316 1465 ἥττω
338 1380 478 1436 εἶναι
499 1382 701 1436 ἑαυτοῦ
718 1379 921 1450 εὑρέθη
940 1378 1169 1449 άμαθιά
1170 1384 1324 1435 οὐσα.
1350 1380 1657 1450 Ὡμολόγει.
1688 1377 1849 1436 Ἀλλά

171 1450 285 1521 μὴν
313 1454 398 1505 ἐπὶ
429 1450 465 1505 ἅ
492 1473 554 1519 γε
594 1457 875 1532 θαρροῦσι
906 1453 1106 1542 πάντες
1136 1472 1208 1504 αυ
1236 1455 1516 1537 ἔρχονται,
1552 1451 1644 1504 καὶ
1681 1453 1845 1507 δειλοὶ

172 1524 263 1575 καὶ
283 1519 554 1613 ἀνδρεῖοι,
594 1522 683 1576 καὶ
712 1520 884 1607 ταύτῃ
903 1542 966 1605 γε
992 1522 1077 1574 ἐπὶ
1097 1519 1162 1574 τὰ
1181 1517 1320 1575 αὐτὰ
1339 1526 1588 1610 ἔρχονται
1608 1523 1662 1574 οι
1681 1525 1843 1576 δειλοι

108 1603 143 1642 Ε
174 1613 231 1645 τε
250 1591 340 1645 καὶ
359 1595 416 1645 οι
434 1563 691 1681 ἀνδρεῖρι.
761 1589 922 1645 Ἀλλα
927 1595 1156 1677 μέντοι,
1176 1595 1280 1660 ἐφη
1296 1634 1309 1659 ,
1333 1614 1376 1647 ω
1395 1590 1713 1661 Σώκρατες,
1737 1596 1840 1644 πᾶν

170 1683 233 1730 γε
251 1682 580 1716 τουναντιον
609 1663 757 1716 ἐστὶν
785 1661 870 1715 ἐπὶ
900 1658 937 1713 δί
956 1664 1082 1715 οἵτε
1105 1662 1315 1716 δειλοὶ’
1285 1667 1545 1751 ε’ρχονται
1564 1662 1655 1715 καὶ
1675 1664 1732 1714 οἰ
1745 1658 1841 1714 άν-

172 1733 358 1797 ὃρεῑοι.
400 1730 595 1785 αὐτίκα
632 1736 708 1795 εἰς
743 1728 845 1785 τὸν
882 1731 1132 1813 πόλεμον
1161 1735 1217 1785 οι
1241 1754 1344 1801 μεν
1372 1734 1664 1817 ἐθέλουσιγ
1688 1735 1843 1799 ἰέναι,

172 1803 230 1854 οἰ
246 1800 305 1854 δὲ
324 1798 427 1855 οὐκ
447 1803 753 1855 ἐθέλουσιν.
827 1799 1094 1886 Πότερον,
1117 1805 1259 1871 ἔφην
1277 1801 1402 1870 ἐγω,
1428 1799 1600 1854 καλὸν
1620 1795 1688 1855 ὂν
1706 1802 1842 1854 ἰέναι

170 1866 208 1939 ἦ
231 1871 487 1957 αἰσχρόν;
524 1870 776 1938 Καλόν,
757 1874 876 1940 ἔφη.
957 1868 1186 1924 Οὐκοῦν
1206 1877 1358 1938 εἴπερ
1379 1867 1591 1954 καλόν,
1599 1871 1689 1924 καὶ
1707 1891 1845 1953 αγα-

170 1936 285 1994 θὸν
315 1940 747 2027 ωμολογήσαμεν
778 1942 838 1995 ἐν
867 1951 978 2002 τοις
1016 1943 1358 2025 ἔμπροσθεν·
1395 1961 1493 2002 τας
1529 1960 1642 2007 γαρ
1674 1936 1846 2003 καλας

171 2009 391 2096 πράξεις
411 2009 628 2073 ἁπάσας
650 2007 868 2092 αγαθας
896 2007 1343 2098 ωμολογήσαμεν.
1420 2006 1623 2079 Ἀληθῆ
1654 2011 1842 2097 λέγεις,

172 2079 265 2134 καὶ
281 2077 367 2135 ἀεὶ
387 2084 568 2165 ἔμοιγε
591 2083 743 2135 δοκεῖ
758 2078 948 2142 ου’τως.
1022 2079 1233 2165 Ὀρθῶς
1252 2101 1341 2148 γε,
1381 2084 1524 2149 ἔφην
1545 2079 1667 2148 ἐγώ.
1707 2078 1845 2134 αλλὰ

58 2153 144 2198 360
175 2151 442 2234 ποτέρους
473 2148 583 2236 φῂς
613 2155 688 2214 εἰς
718 2150 818 2204 τὸν
846 2150 1088 2235 πόλεμον
1108 2148 1212 2203 οὐκ
1232 2152 1448 2204 ἐθέλειν
1467 2152 1633 2235 ἰέναι,
1675 2148 1845 2204 καλὸν

172 2215 242 2273 ὂν
260 2221 350 2273 καὶ
378 2217 629 2290 ἀγαθόν;
673 2217 818 2283 Τους
838 2217 1079 2305 δειλούς,
1117 2222 1150 2290 ἡ
1182 2217 1235 2273 δ’
1251 2241 1333 2311 09.
1411 2216 1663 2305 Οὐκοῦν,
1697 2241 1770 2288 ην
1790 2217 1841 2273 6²

172 2289 307 2357 ἐγώ,
347 2297 498 2361 εἴπερ
540 2288 714 2344 καλὸν
749 2290 839 2344 καὶ
874 2288 1122 2370 ἀγαθόν,
1178 2290 1267 2344 καὶ
1303 2286 1439 2359 ἡδύς
1479 2286 1843 2378 Ὡμολόγηται

170 2364 329 2426 γοῦν,
352 2363 473 2430 ἔφη.
526 2354 656 2452 Ἆρ’
687 2362 794 2414 οὐν
812 2357 1212 2445 γιγνώσκοντες
1231 2381 1283 2413 οι
1271 2361 1470 2414 ’δειλοὶ
1490 2358 1592 2413 οὐκ
1611 2360 1843 2412 ἐθέλου-

171 2443 264 2481 σιν
285 2430 424 2483 ἰέναι
457 2431 544 2485 ἐπὶ
573 2428 633 2484 τὸ
664 2429 895 2485 κάλλιόν
913 2450 971 2483 τε
993 2431 1083 2483 καὶ
1102 2428 1330 2498 ἄμεινον
1350 2431 1442 2483 καὶ
1458 2427 1646 2498 ἥδιον;
1678 2425 1796 2482 Ἀλ
1775 2428 1839 2482 λὰ

170 2498 262 2550 καὶ
281 2504 444 2552 τοῦτο
475 2499 573 2554 ἐὰν
602 2497 985 2588 ὁμολογῶμεν,
1025 2503 1153 2584 ἔφη,
1197 2502 1613 2589 διαφθεροῦμεν
1631 2495 1766 2560 τὰς
1746 2519 1839 2567 w·-

170 2574 424 2652 προσθεν
448 2565 752 2638 ὁμολογιας.
797 2574 866 2622 Τι’
880 2567 931 2623 6’
953 2570 982 2624 ὁ
1005 2567 1283 2657 άνδρεῐος;
1305 2566 1405 2622 οὐκ
1425 2570 1512 2622 ἐπὶ
1529 2565 1590 2620 τὸ
1612 2550 1840 2621 κάλλιόν

170 2655 228 2687 τε
260 2638 351 2690 καὶ
378 2635 619 2722 άμεινον
635 2639 726 2692 καὶ
743 2637 944 2724 ἥδιον
923 2642 1160 2725 έςρχεται
1192 2636 1452 2719 Ἀνάγκη,
1483 2640 1617 2705 ἔφη,
1638 2633 1840 2706 ὁμολο-

110 2712 142 2753 Β
172 2715 306 2773 γεῖν.
350 2706 579 2761 Οὐκοῦν
599 2705 740 2770 ὅλως
759 2727 810 2761 οι
799 2706 1074 2793 ἀνδρειοι
1093 2706 1195 2761 οὐκ
1215 2705 1474 2791 αἰσχροὺς
1494 2706 1710 2777 φόβους
1729 2728 1835 2776 φο-

168 2773 459 2847 βουνται,
438 2773 573 2831 όταν
594 2781 904 2847 φοβωνται,
927 2775 1057 2833 οὐδὲ
1077 2773 1270 2846 αἰσχρα
1288 2777 1476 2847 θάρρη
1494 2781 1838 2847 θαρροῦσιν;
