1962 3112
97 150 156 195 41
557 141 876 190 ΙΠΠΙΑΣ
905 140 1247 190 ΕΛΑΤΤΩ.
1267 142 1326 190 Ν.
1677 140 1785 195 403

98 273 199 331 τὸν
241 273 502 331 Ὀδυσσέα
536 272 778 346 Ὅμηρος
810 279 1095 344 πολλαχοῦ
1134 275 1225 329 καὶ
1268 275 1332 329 ἐν
1371 270 1561 330 Ἰλιάδι
1595 277 1689 331 καὶ
1723 277 1787 332 ἐν

101 360 394 430 Οδυσσείᾳ.
988 378 991 380 ·

237 442 363 494 ΣΩ.
427 436 639 494 Ἐδόκει
672 435 809 507 ἄρα,
849 433 923 500 ὥς
959 440 1169 507 ἔοικεν,
1207 433 1423 511 Ὁμήρῳ
1459 438 1643 508 ἕτερος
1681 437 1784 509 μὲν

94 514 237 589 ἀνὴρ
288 516 429 574 εἶναι
470 516 687 589 ἀληθής
705 559 723 588 ,
776 518 962 588 ἕτερος
1009 516 1068 573 δὲ
1124 517 1332 589 ψευδής
1354 559 1369 587 ,
1425 514 1547 573 ἀλλ’
1600 516 1701 590 οὐχ
1750 515 1780 574 ὁ

97 621 281 665 αυτος.

235 687 338 739 ΙΠ.
394 687 523 747 Πῶς
539 679 648 752 γὰρ
669 679 739 737 οὐ
756 682 968 751 μέλλει,
990 673 1034 735 ὦ
1049 680 1375 750 Σώκρατες;

235 769 361 820 ΣΩ.
408 756 584 819 Ἠκαὶ
606 763 693 819 σοὶ
715 766 870 818 δοκεῖ
885 759 1038 835 αὐτῷ
1050 806 1064 834 ,
1092 756 1136 818 ὦ
1153 760 1334 819 Ἱππία
1347 788 1362 830 ;

231 850 335 900 ΙΠ.
390 844 633 901 Πάντων
649 842 887 915 μάλιστα
903 862 916 875 ·
944 845 1037 900 καὶ
1054 842 1162 915 γὰρ
1182 839 1465 901 ὄίνδεινὸν
1484 852 1566 917 εἴη
1579 887 1596 916 ,
1617 850 1667 901 εἰ
1688 848 1779 918 μή.

241 931 305 983 V.
378 931 503 982 ΣΩ.
564 924 678 981 Τὸν
694 924 1056 997 μὲνὍμηρον
1073 932 1268 982 τοίνυν
1290 927 1542 998 ἐάσωμεν
1553 970 1570 998 ,
1588 930 1778 999 ἐπειδὴ

94 1010 188 1063 καὶ
215 1005 498 1063 ἀδύνατον
525 1009 923 1078 ἐπανερέσθαι,
962 1013 1019 1063 τί
1042 1027 1173 1063 ποτε
1194 1014 1347 1064 νοῶν
1364 1016 1537 1065 ταῦτα
1556 1012 1778 1082 ἐποίησε
1807 1015 1842 1056 D

92 1086 160 1144 τὰ
180 1093 283 1160 ἔπη
297 1110 308 1120 ·
331 1087 403 1144 σύ
423 1087 474 1144 δ’
498 1089 684 1161 ἐπειδὴ
707 1095 894 1160 φαίνει
912 1089 1315 1162 ἀναδεχόμενος
1333 1091 1438 1164 τὴν
1458 1097 1665 1164 αἰτίαν,
1685 1095 1778 1149 καὶ

97 1172 184 1227 σοὶ
202 1174 471 1227 συνδοκεῖ
481 1177 673 1241 ταῦτα,
694 1170 835 1243 ἅπερ
856 1170 967 1243 φῂς
982 1170 1229 1244 Ὅμηρον
1250 1177 1457 1244 λέγειν,
1478 1172 1778 1246 ἀπόκριναι

96 1259 258 1326 κοινῇ
276 1250 415 1322 ὑπὲρ
432 1252 676 1327 Ὁμήρου
695 1276 754 1310 τε
771 1255 863 1310 καὶ
882 1259 1108 1309 σαυτοῦ.

238 1337 339 1390 ΙΠ.
383 1333 571 1390 Ἔσται
586 1341 758 1390 ταῦτα
774 1356 785 1367 ·
823 1333 949 1392 ἄλλ’
979 1335 1157 1406 ἐρώτα
1179 1340 1423 1408 ἔμβραχυ
1443 1335 1477 1393 ὅ
1493 1358 1545 1392 τι
1562 1337 1771 1409 βούλει.

236 1420 362 1472 ΣΩ.
422 1414 568 1482 Τούς
593 1421 812 1484 ψευδεῖς
837 1422 1011 1488 λέγεις
1039 1415 1160 1474 οἷον
1179 1416 1493 1485 ἀδυνάτους
1511 1442 1561 1475 τι
1579 1432 1775 1489 ποιεῖν,

97 1494 283 1567 ὥσπερ
302 1494 433 1563 τούς
451 1498 793 1570 κάμνοντας,
812 1494 849 1570 ἦ
873 1499 1148 1564 δυνατούς
1164 1522 1215 1556 τι
1234 1512 1440 1568 ποιεῐν;

237 1584 338 1635 ΙΠ.
412 1578 709 1646 Δυνατούς
755 1586 927 1651 ἔγωγε
974 1583 1065 1638 καὶ
1099 1582 1245 1653 μάλα
1282 1582 1502 1655 σφόδρα
1541 1581 1681 1640 ἄλλα
1717 1606 1777 1640 τε

0 1717 2 1723 ,
97 1660 274 1716 πολλὰ
296 1663 386 1716 καὶ
403 1663 676 1737 ἐξαπατᾷν
695 1661 1050 1733 ἀνθρώπους.

239 1748 366 1800 ΣΩ.
419 1746 670 1800 Δυνατοὶ
687 1744 788 1816 μὲν
807 1745 895 1817 δή,
916 1743 991 1812 ὥς
1023 1751 1204 1804 ἔοικεν
1217 1790 1232 1818 ,
1269 1749 1372 1804 εἰσὶ
1390 1746 1528 1805 κατὰ
1548 1748 1648 1805 τὸν
1668 1748 1772 1806 σὸν
1804 1762 1836 1804 Ε

95 1826 260 1898 λόγον
279 1829 370 1883 καὶ
387 1826 752 1899 πολύτροποι·
779 1823 816 1900 ἦ
835 1828 970 1899 γάρ;

229 1913 331 1964 ΙΠ.
386 1914 516 1964 Ναί.

234 1995 360 2047 ΣΩ.
411 1990 767 2061 Πολύτροποι
786 1990 840 2048 δ’
864 1995 967 2049 εἰσὶ
986 1994 1076 2050 καὶ
1091 1991 1406 2061 ἀπατεῶνες
1422 1991 1532 2051 ὑπὸ
1550 1992 1775 2067 ἠλιθιό-

92 2092 252 2142 τητος
272 2073 363 2127 καὶ
393 2070 744 2144 ἀφροσύνης,
777 2072 814 2145 ἢ
842 2072 951 2130 ὑπὸ
974 2082 1316 2147 πανουργίας
1338 2078 1429 2133 καὶ
1449 2076 1775 2149 φρονήσεώς

91 2176 264 2221 τινος;

232 2246 332 2297 ΙΠ.
397 2238 530 2297 'Yazd
572 2247 913 2314 πανουργίας
950 2243 1179 2300 πάντων
1224 2243 1459 2315 μάλιστα
1498 2246 1589 2300 καὶ
1627 2264 1771 2314 φρο-

86 2323 314 2400 νήσεως.

231 2413 357 2463 ΣΩ.
414 2406 687 2478 Φρόνιμοι
703 2407 807 2479 μὲν
826 2407 935 2478 ἄρα
955 2414 1123 2480 εἰσίν,
1154 2407 1228 2476 ὥς
1247 2415 1441 2469 ἔοικεν.

226 2493 327 2544 ΙΠ.
386 2490 500 2545 Ναὶ
518 2487 592 2559 μα
615 2494 757 2561 Δία,
778 2495 903 2547 λίαν
921 2513 999 2562 γε.

232 2576 358 2628 ΣΩ.
413 2570 685 2641 Φρόνιμοι
718 2571 775 2629 δὲ
804 2571 960 2638 ὄντες
989 2571 1094 2630 οὐκ
1115 2575 1431 2630 ἐπίστανται
1449 2573 1482 2630 ὅ
1501 2597 1552 2630 τι
1570 2583 1769 2634 ποιοῦ-

0 2651 1 2661 ’
89 2669 206 2723 σιν,
239 2650 277 2725 ἦ
295 2655 638 2720 ἐπίστανταις

227 2739 328 2791 ΙΠ.
381 2736 491 2791 Καὶ
521 2735 668 2807 μα’λα
697 2736 920 2809 σφόδρα
957 2740 1299 2796 ἐπίστανται·
1340 2737 1431 2797 διὰ
1469 2747 1641 2799 ταῦτα
1676 2744 1767 2799 καὶ

83 2822 513 2889 κακουργοῦσιν.
1461 2894 1486 2927 t

1382 2904 1441 2951 26
