1962 3112
138 185 199 232 85
725 172 1239 229 ΜΕΝΕΞΕΝΟΣ
1716 173 1819 225 447

133 309 448 382 Ἀθηναίοις
477 311 624 381 πλὴν
651 312 1131 379 Λακεδαιμονίων·
1169 302 1326 364 οὗτοι
1355 309 1414 366 δὲ
1453 315 1522 382 τῇ
1559 305 1822 383 ὑστεραίᾳ

141 399 236 464 τῆς
255 391 429 463 μάχης
460 390 755 463 ἀφίκοντο·
793 394 851 447 οἰ
876 389 928 446 δ’
965 390 1122 446 ἄλλοι
1150 390 1349 455 πάντες
1367 393 1819 462 ἐκπεπληγμένοι,

146 473 470 546 ἀγαπῶντες
495 474 598 544 τὴν
618 476 679 529 ἐν
698 480 776 546 τῷ
794 473 1027 541 παρόντι
1056 479 1360 544 σωτηριάν,
1398 469 1633 543 ἡσυχίαν
1659 465 1816 543 ἦγον.
1851 482 1887 523 D

141 559 203 612 ἐν
229 556 406 630 τούτῳ
439 556 506 628 δὴ
538 555 611 611 ἄν
628 578 708 619 τις
734 555 1033 624 γενόμενος
1053 560 1210 624 γνοίη
1227 597 1242 623 ,
1267 551 1373 609 οἶοι
1392 552 1500 622 ἄρα
1521 552 1823 623 ἐτύγχανον

142 637 300 703 ὄντες
331 637 434 709 τὴν
462 636 665 708 ἀρετὴν
693 639 749 690 οἱ
774 642 1097 703 Μαραθῶνι
1117 636 1403 706 δεξάμενοι
1426 633 1530 706 τὴν
1548 641 1663 689 τῶν
1681 641 1821 704 βαρ-

142 721 336 791 βάρων
365 720 608 789 δύναμιν
632 720 725 774 καὶ
752 717 1122 787 κολασάμενοι
1152 714 1253 787 τὴν
1280 715 1672 788 ὑπερηφανίαν
1691 715 1824 786 ὅλης

141 809 239 872 τῆς
264 800 441 865 Ἀσίας
461 803 551 856 καὶ
570 808 780 870 πρῶτοι
800 799 1096 870 στήσαντες
1113 798 1347 868 τρόπαια
1371 805 1481 853 τῶν
1498 798 1820 869 βαρβάρων,

143 880 409 954 ἡγεμόνες
438 884 529 938 καὶ
561 882 883 937 διδάσκαλοι
911 893 1023 946 τοῖς
1043 879 1230 945 ἄλλοις
1248 882 1567 950 γενόμενοι,
1603 878 1689 935 ὅτι
1716 877 1821 934 οὐκ

156 965 348 1035 ἲ’μαχος
367 972 450 1035 εἴη
468 961 504 1035 ἡ
526 970 762 1034 Περσῶν
783 963 1043 1033 δύναμις,
1083 961 1221 1018 ἀλλὰ
1243 969 1354 1017 πᾶν
1371 968 1587 1034 πλῆθος
1603 963 1695 1017 καὶ
1717 968 1824 1025 πᾶς

145 1052 382 1110 πλοῦτος
399 1043 568 1117 ἀρετῇ
587 1044 813 1101 ὑπείκει.
837 1045 942 1115 ἐγώ
962 1045 1063 1115 μὲν
1082 1038 1187 1099 οὖν
1204 1047 1448 1110 ἐκείνους
1466 1042 1597 1109 τούς
1616 1042 1824 1113 ἄνδρας
1853 1048 1887 1088 Ε

144 1130 283 1199 φημὶ
297 1126 368 1183 οὐ
382 1126 561 1198 μόνον
574 1134 687 1183 τῶν
701 1128 973 1199 σωμάτων
987 1133 1101 1182 τῶν
1114 1126 1396 1198 ἡμετέρων
1412 1129 1649 1198 πατέρας
1665 1124 1822 1192 εῖναι,

144 1207 283 1265 ἀλλὰ
304 1211 394 1264 καὶ
422 1215 517 1280 τῆς
546 1212 867 1277 ἐλευθερίας
896 1217 992 1280 τῆς
1018 1232 1072 1265 τε
1092 1207 1357 1280 ἡμετέρας
1377 1211 1467 1264 καὶ
1488 1208 1825 1279 ξυμπάντων

147 1299 256 1347 τῶν
283 1294 343 1347 ἐν
368 1295 500 1363 τῇδε
529 1298 598 1364 τῇ
624 1289 831 1365 ἠπείρῳ
848 1313 859 1323 ·
898 1298 974 1356 εἰς
991 1294 1168 1347 ἐκεῖνο
1187 1291 1294 1361 γὰρ
1315 1288 1376 1347 τὸ
1399 1295 1564 1360 ἔργον
1583 1287 1825 1361 ἀποβλέ-

151 1386 346 1439 ψαντες
374 1383 464 1430 καὶ
493 1372 590 1439 τὰς
608 1373 841 1443 ὑστέρας
858 1373 1031 1445 μάχας
1048 1374 1357 1444 ἐτόλμησαν
1377 1372 1824 1428 διακινδυνεύειν

155 1459 203 1513 ts
221 1453 480 1526 Ἕλληνες
497 1453 638 1526 ὑπὲρ
656 1462 753 1527 τῆς
773 1461 1066 1527 σωτηρίας,
1107 1457 1350 1526 μαθηταὶ
1367 1462 1481 1511 τῶν
1501 1461 1826 1525 Μαραθῶνι

149 1535 447 1608 γενόμενοι.

284 1625 368 1674 ΧΙ.
445 1616 524 1674 Τὰ
557 1620 660 1689 μὲν
691 1614 796 1675 οὖν
824 1618 1067 1689 ἀριστεῖα
1097 1627 1175 1694 τῷ
1194 1620 1343 1694 λόγῳ
1361 1622 1591 1683 ἐκείνοις
1610 1616 1824 1674 ἀναθε-

150 1702 298 1767 τέον,
337 1700 403 1755 τὰ
435 1700 493 1756 δὲ
523 1703 803 1771 δευτερεῖα
830 1713 943 1766 τοῖς
960 1703 1083 1771 περὶ
1105 1707 1395 1771 Σαλαμῖνα
1415 1702 1505 1756 καὶ
1524 1697 1611 1755 ἐπ’
1641 1698 1824 1768 Ἀρτε-
1851 1700 1938 1746 241·

146 1786 307 1853 μισίῳ
336 1782 720 1853 ναυμαχήσασι
750 1784 842 1838 καὶ
884 1784 1153 1855 νικήσασι.
1193 1785 1282 1839 καὶ
1316 1781 1423 1853 γὰρ
1459 1782 1676 1837 τούτων
1710 1787 1824 1837 τῶν

48 1874 53 1890 ’-
147 1860 374 1932 ἀνδρῶν
402 1862 577 1919 πολλὰ
608 1865 709 1934 μὲν
740 1864 813 1919 ἄν
834 1888 914 1931 τις
942 1870 1054 1936 ἔχοι
1073 1869 1343 1933 διελθεῖν,
1381 1866 1472 1922 καὶ
1491 1860 1579 1920 οἷα
1598 1863 1824 1919 ἐπιόντα

145 1943 452 2015 ὑπέμειναν
468 1945 607 2001 κατά
626 1968 683 2002 τε
712 1954 819 2018 γῆν
839 1948 930 2003 καὶ
962 1946 1099 2003 κατὰ
1120 1948 1432 2017 θάλατταν,
1473 1949 1564 2003 καὶ
1585 1943 1658 2011 ὡς
1675 1944 1820 2016 ἠμύ-

54 2038 61 2044 ’
149 2048 316 2082 ναντο
335 2033 506 2082 ταῦτα
522 2050 532 2060 ·
574 2027 607 2083 ὃ
636 2032 699 2083 δέ
713 2051 806 2099 μοι
827 2033 982 2085 δοκεῖ
992 2031 1082 2085 καὶ
1103 2033 1330 2085 ἐκείνων
1349 2029 1646 2085 κάλλιστον
1665 2026 1822 2097 εἶναι,

145 2107 352 2163 τούτου
379 2110 802 2181 μνησθήσομαι,
842 2110 926 2166 ὅτι
955 2109 1015 2167 τό
1048 2113 1166 2182 ἑξῆς
1181 2116 1349 2181 ἔργον
1366 2123 1479 2176 τοῖς
1503 2115 1826 2180 Μαραθῶνι

52 2240 61 2259 k
148 2190 527 2259 διεπράξαντο.
551 2194 608 2247 οἰ
621 2190 721 2261 μὲν
738 2190 844 2262 γάρ
866 2198 1190 2262 Μαραθῶνι
1208 2198 1478 2248 τοσοῦτον
1503 2191 1680 2263 μόνον
1699 2192 1825 2246 ἐπε-

60 2269 72 2325 ζ
149 2275 394 2338 δείξαντο
423 2270 831 2344 τοῖς-Ἕλλησιν,
871 2272 956 2330 ὅτι
989 2273 1125 2331 κατὰ
1154 2282 1262 2347 γῆν
1291 2270 1412 2331 οἷόν
1432 2296 1488 2330 τε
1509 2272 1826 2344 ἀμύνεσθαι

46 2346 63 2378 '³
147 2352 279 2419 τούς
297 2354 616 2426 βαρβάρους
636 2353 840 2427 ὀλίγοις
858 2358 1124 2426 πολλούς,
1165 2358 1330 2413 ναυσὶ
1352 2359 1409 2414 δὲ
1429 2363 1506 2414 ἔτι
1525 2350 1598 2429 ἦν
1615 2354 1824 2427 ἄδηλον
1852 2359 1884 2401 Β

61 2437 70 2474 f
150 2439 239 2493 καὶ
265 2437 434 2503 δόξαν
464 2435 610 2508 εἶχον
635 2440 847 2508 Πέρσαι
871 2438 1068 2510 ἄμαχοι
1098 2438 1237 2495 εἶναι
1268 2439 1406 2496 κατὰ
1426 2439 1715 2495 θάλατταν
1734 2437 1824 2493 καὶ

77 2531 83 2536 ’
150 2521 355 2591 πλήθει
387 2522 475 2577 καὶ
506 2522 727 2594 πλούτῳ
753 2523 844 2578 καὶ
873 2524 1033 2595 τέχνῃ
1062 2524 1150 2578 καὶ
1170 2522 1351 2595 ῥώμῃ*
1394 2529 1557 2578 τοῦτο
1579 2519 1646 2593 δὴ
1670 2519 1826 2587 ἄξιον

150 2605 396 2658 ἐπαινεῖν
414 2609 528 2657 τῶν
546 2601 772 2672 ἀνδρῶν
791 2611 903 2660 τῶν
919 2605 1039 2662 τότε
1070 2605 1545 2676 ναυμαχησάντων
1558 2645 1573 2674 ,
1613 2602 1698 2659 ὅτι
1726 2600 1825 2658 τόν

2 2708 6 2725 ¹
76 2751 78 2753 ‚
151 2683 414 2755 ἐχόμενον
433 2685 617 2757 φόβον
640 2690 898 2742 διέλυσαν
915 2686 1314 2759 τῶνἙλλήνων
1334 2690 1423 2743 καὶ
1446 2691 1694 2743 ἔπαυσαν
1718 2706 1821 2756 φο-

4 2800 10 2806 ·
80 2831 83 2835 ,
151 2770 460 2837 βουμένους
490 2774 707 2839 πλῆθος
734 2774 880 2826 νεῶν
906 2791 963 2825 τε
991 2771 1082 2826 καὶ
1101 2769 1340 2841 ἀνδρῶν.
1375 2767 1476 2824 ὑπ’
1496 2767 1826 2840 ἀμφοτέρων

152 2847 220 2920 δὴ
257 2851 569 2922 ξυμβαίνει,
606 2857 720 2907 τῶν
748 2874 803 2908 τε
836 2858 1161 2924 Μαραθῶνι
1191 2854 1585 2924 μαχεσαμένων
1603 2851 1693 2905 καὶ
1714 2853 1825 2905 τῶν
