1962 3112
65 165 138 210 ³9·
255 157 733 207 ΠΛΑΤΩΝΟΣ
763 157 1084 205 ΙΠΠΙΑΣ
1123 157 1536 207 ΕΛΑΤΤΩΝ.
1639 154 1743 209 401

64 292 324 363 Ολύμπια
343 282 405 363 ᾖ,
445 288 529 347 ἀεὶ
560 289 804 348 ε’πανιων
833 298 1065 347 οἴκοθεν
1091 291 1147 357 ἐξ,
1170 290 1396 357 Ἤλιδος
1413 297 1489 356 εἰς
1509 288 1569 346 τὸ
1590 293 1744 360 ι”ερον

62 377 279 446 παρέχω
307 373 551 445 ἐμαυτὸν
578 374 670 429 καὶ
696 374 928 443 λέγοντα
957 371 991 428 ὅ
1019 394 1072 427 τι
1096 371 1170 428 ἄν
1187 395 1268 439 τις
1284 373 1552 446 βούληται
1571 365 1653 429 ὦν
1671 368 1744 428 ἂν
1775 388 1809 429 1>

61 459 179 529 ἐμοὶ
198 461 275 522 εἰς
294 458 553 522 ἐπίδειξιν
573 456 1096 525 παρεσκευασμένον
1113 447 1166 527 ᾗ,
1188 457 1279 510 καὶ
1298 453 1743 528 ἀποκρινόμενον

60 546 139 614 τῷ
164 539 488 611 βουλομένῳ
514 535 548 593 ὅ
565 559 616 592 τι
646 537 720 593 ἄν
738 558 819 602 τις
836 538 1013 610 ἐρωτᾷ
1026 578 1042 608 ,
1077 542 1186 592 νῦν
1205 537 1386 608 δὲτὴν
1403 537 1743 609 Σωκράτους

61 622 331 692 ἐρώτησιν
350 619 598 691 φύγοιμι.

202 708 326 758 ΣΩ.
384 699 688 770 Μακάριόν
705 722 795 770 γε,
835 693 878 755 ὦ
898 697 1102 768 Ἱππία,
1140 701 1324 767 πάθος
1343 705 1656 771 πέπονθας,
1695 705 1744 756 εί
1772 711 1859 759 364

62 785 293 856 ἑκάστης
326 781 694 854 Ὀλυμπιάδος
722 782 900 848 οὕτως
930 783 1151 849 εὔελπις
1185 781 1265 840 ὧν
1296 788 1421 856 περὶ
1439 793 1534 856 τῆς
1562 789 1742 856 ψυχῆς

62 873 139 933 εἰς
167 871 371 938 σοφίαν
402 864 626 937 άφικνεῑ
655 870 732 931 εἰς
760 864 820 922 τό
859 868 1037 936 ἱερόν·
1074 869 1164 923 καὶ
1191 864 1542 938 θαυμάσαιμ’
1581 863 1653 921 ὅὶν
1695 874 1749 923 εἴ

61 971 143 1015 τις
177 954 290 1005 τῶν
326 949 450 1019 περὶ
484 946 546 1003 τὸ
586 954 745 1018 σῶμα
779 946 1042 1019 ἀθλητῶν
1077 948 1257 1015 οὕτως
1295 948 1526 1021 άφόβως
1557 971 1615 1005 τε
1650 950 1742 1005 καὶ

62 1038 422 1096 πιστευτικῶς
441 1035 580 1101 ἔχων
597 1037 675 1104 τῷ
695 1030 906 1101 σώματι
939 1037 1150 1102 ἔρχεται
1171 1029 1372 1088 αὐτόσε
1392 1030 1741 1103 ἀγωνιούμε-

59 1134 181 1182 νος,
202 1112 388 1182 ὥσπερ
409 1112 482 1168 σύ
501 1113 611 1186 φῂς
630 1119 695 1186 τῇ
715 1115 947 1187 διανοίᾳ.

201 1202 300 1252 ΙΠ.
349 1194 624 1266 Εἰκότως,
658 1189 703 1250 ὦ
722 1194 1045 1267 Σώκρατες,
1067 1194 1174 1267 ἐγω
1195 1202 1357 1252 τοῦτο
1377 1199 1663 1252 πέπονθα·
1686 1197 1740 1262 ἐξ

8 1349 10 1353 Ι
60 1270 133 1334 ού
149 1276 256 1349 γὰρ
274 1271 482 1349 ἦργμαι
497 1275 858 1348 Ὀλυμπίασιν
875 1274 1268 1348 ἀγωνίζεσθαι,
1301 1274 1491 1332 οὐδενὶ
1521 1276 1739 1333 πώποτε

60 1365 331 1429 κρείττονι
350 1365 427 1425 εἰς
447 1357 615 1416 οὐδὲν
631 1363 876 1431 ἐμαυτοῦ
895 1361 1169 1431 ἐνέτυχον.

202 1448 282 1498 ln.
356 1447 480 1498 ΣΩ.
538 1442 732 1498 Καλόν
750 1463 812 1512 γε
836 1444 1024 1512 λέγεις,
1048 1434 1093 1495 οἷ
1107 1439 1300 1510 Ἱππία,
1321 1443 1413 1498 καὶ
1433 1447 1498 1515 τῇ
1514 1440 1740 1498 Ἠλείων

12 1549 15 1555 ·
60 1526 218 1582 πόλει
248 1533 343 1597 τῆς
373 1532 572 1596 σοφίας
600 1523 867 1596 ἀνάθημα
898 1522 1000 1596 τήν
1035 1524 1205 1590 δόξαν
1235 1523 1375 1581 εἶναι
1405 1527 1506 1597 τὴν
1524 1524 1632 1598 σὴν
1649 1529 1742 1584 καὶ
1771 1539 1803 1581 Β

66 1620 173 1675 τοῖς
200 1615 428 1680 γονεῦσι
460 1619 572 1673 τοῖς
601 1619 732 1672 σοῖς.
774 1604 913 1677 άτάρ
945 1612 1001 1663 τί
1026 1605 1092 1679 δὴ
1124 1610 1296 1678 λέγεις
1324 1606 1458 1681 ἡμῖν
1486 1610 1609 1679 περὶ
1638 1617 1741 1666 τοῦ

0 1723 3 1734 ·
63 1697 336 1763 Αχιλλέως
355 1712 411 1746 τε
433 1693 524 1746 καὶ
544 1695 646 1745 τοῦ
662 1687 989 1755 Ὀδυσσέως;
1011 1690 1251 1760 πότερον
1268 1689 1474 1762 ἀμείνω
1492 1692 1583 1748 καὶ
1602 1690 1739 1747 κατὰ

60 1778 116 1828 τί
143 1771 254 1845 φῂς
284 1771 451 1837 εἷναι;
490 1769 652 1843 ἡνίκα
686 1771 789 1842 μὲν
817 1769 925 1842 γὰρ
956 1774 1147 1829 πολλοὶ
1178 1777 1341 1829 ἔνδον
1372 1768 1510 1846 ἦμεν
1540 1777 1631 1830 καὶ
1668 1775 1739 1829 σὺ

8 1891 9 1894 =
59 1851 164 1926 τὴν
192 1856 452 1920 ἐπίδειξιν
478 1856 699 1924 ἐποιοῦ,
738 1852 1088 1925 ἀπελείφθην
1116 1871 1221 1910 σου
1249 1861 1363 1911 τῶν
1398 1860 1736 1928 λεγομένων·

61 1934 287 1993 ὤκνουν
303 1936 411 2009 γὰρ
430 1938 799 2008 ἐπανερέσθαι
812 1979 827 2008 ,
862 1936 999 1993 διότι
1018 1937 1176 2008 ὄχλος
1197 1960 1254 1994 τε
1274 1938 1448 2004 πολὺς
1467 1944 1632 1996 ἔνδον
1650 1934 1739 2011 ἦν,

0 2086 2 2092 y
62 2022 153 2076 καὶ
183 2021 259 2092 μή
287 2037 374 2076 σοι
404 2018 661 2092 ἐμποδών
693 2028 811 2091 εἴην
842 2022 1065 2089 ἐρωτῶν
1093 2027 1161 2094 τῇ
1201 2024 1475 2087 ἐπιδείξει·
1514 2022 1643 2077 νυνὶ
1682 2021 1740 2078 δὲ

61 2099 250 2172 ἐπειδὴ
264 2101 521 2167 ἐλάττους
533 2104 595 2158 τέ
611 2104 776 2173 ἐσμεν
795 2104 886 2157 καὶ
902 2101 1140 2167 Εὔδικος
1157 2102 1250 2158 ὅδε
1266 2104 1478 2160 κελεύει
1494 2106 1737 2174 ἐρέσθαι,

20 2222 21 2228 =
60 2189 181 2241 εἰπέ
197 2206 250 2240 τε
272 2187 358 2240 καὶ
384 2188 609 2251 δίδαξον
638 2182 781 2256 ἡμᾶς
811 2193 1032 2257 σαφῶς,
1075 2193 1130 2243 τί
1156 2191 1334 2258 ἔλεγες
1362 2187 1484 2257 περὶ
1516 2187 1739 2243 τούτοιν

57 2278 178 2322 τοῖν
196 2265 456 2335 α’νδροῖν;
487 2272 602 2332 πῶς
620 2268 886 2339 διέκρινες
905 2266 1136 2335 αὐτούς;

202 2353 302 2404 ῙΠ.
354 2346 499 2405 Ἀλλ’
519 2349 625 2420 ἐγώ
646 2367 761 2419 σοι,
793 2344 837 2406 ὦ
857 2350 1177 2420 Σώκρατες,
1199 2354 1375 2408 ἐθέλω
1396 2358 1739 2422 σαφέστερον

28 2447 29 2450 ’
57 2434 135 2488 ἔτι
153 2427 190 2502 ἢ
210 2429 332 2486 τότε
354 2434 600 2487 διελθεῖν
627 2428 662 2486 ὁὶ
692 2437 831 2503 λέγω
861 2435 950 2489 καὶ
982 2435 1105 2502 περὶ
1134 2432 1349 2489 τούτων
1374 2435 1464 2490 καὶ
1486 2435 1608 2502 περὶ
1638 2433 1738 2490 ἅλ-

57 2518 188 2570 λων.
228 2516 367 2585 φημὶ
396 2514 502 2584 γὰρ
529 2512 775 2584 Ὅμηρον
805 2519 1160 2586 πεποιηκέναι
1191 2515 1418 2584 ἄριστον
1436 2516 1539 2587 μὲν
1558 2516 1739 2587 ἄνδρα

58 2598 293 2665 Αχιλλέα
312 2601 425 2650 τῶν
445 2600 520 2659 εἰς
544 2601 750 2664 Τροίαν
777 2594 1161 2668 ἀφικομένων,
1199 2597 1526 2669 σοφώτατον
1547 2599 1604 2656 δὲ
1623 2602 1739 2655 Νέ-

59 2693 245 2750 στορα,
267 2677 768 2745 πολυτροπιότατον
790 2680 846 2734 δὲ
863 2677 1142 2736 Ὀδυσσέα.

199 2764 322 2815 ΣΩ.
375 2766 577 2831 Βαβαί,
619 2754 662 2814 ὦ
693 2759 893 2817 Ἱππία·
934 2757 1026 2830 ἆρ’
1061 2761 1132 2818 ἅν
1167 2769 1220 2819 τί
1242 2787 1335 2834 μοι
1354 2772 1602 2834 χαρίσαιο
1623 2787 1740 2820 τοι-

58 2839 303 2964 ονδε,Ρμή
322 2863 431 2911 μου
450 2850 777 2917 καταγελᾷν,
799 2844 897 2899 ἐὰν
915 2845 1073 2916 μόγις
1090 2846 1366 2916 μανθάνω
1383 2846 1448 2901 τὰ
1470 2847 1739 2917 λεγόμενα

241 2932 357 2964 nmo
390 2921 457 2966 ΙΙΙ.
1429 2929 1483 2971 26
