1962 3112
74 70 132 117 49
567 83 570 86 ·
702 19 1070 112 ΓΟΡΓΙΑΣ.
1648 61 1755 116 24⁷

72 195 179 254 κόν
198 195 291 254 εἶτ’
309 199 371 253 ἐν
383 195 594 268 σώματι
613 192 703 253 εἰτ’
723 198 951 269 ἐνψυχῇ
963 237 978 267 ,
999 193 1029 251 ὁ
1052 195 1444 268 ἰατρευόμενος
1461 197 1554 254 καὶ
1573 194 1753 254 ἀπαλ-

72 280 404 350 λαττόμενος
422 285 526 335 τοῦ
545 286 752 349 κακοῦ,
772 274 812 349 ἦ
828 276 858 334 ὁ
879 277 953 350 μὴ
976 278 1396 352 ἰατρευόμενος,
1429 283 1572 351 ἔχων
1591 282 1657 336 δέ
1664 303 1680 346 ;

219 366 395 418 ΠΩΛ.
435 366 702 416 Φαίνεταί
713 381 807 431 μοι
828 357 857 415 ὁ
880 359 953 432 μὴ
976 361 1381 433 ἰατρευόμενος.

214 450 339 500 Σῼ.
379 441 610 500 Οὐκοῦν
621 439 682 497 τὸ
700 444 860 512 δίκην
874 442 1092 499 διδόναι
1110 449 1372 514 μεγίστου
1382 450 1561 500 κακοῦ
1572 442 1754 500 άπαλ-

70 525 211 598 λαγὴ
232 521 269 597 ἦ
277 550 332 598 ν,
363 530 658 596 πονηρίας;

210 613 389 664 ΠΩΑ.
428 602 530 663 Ἦν
551 608 677 678 γάρ.

212 696 336 746 ΣΩ.
371 693 719 760 Σωφρονίζει
738 689 846 758 γάρ
866 709 977 745 που
993 691 1084 746 καὶ
1100 694 1478 761 δικαιοτέρους
1496 703 1645 749 ποιεῖ
1658 692 1751 749 καὶ

69 772 283 843 ἰατρικὴ
304 779 547 843 γίγνεται
565 777 833 843 πονηρίας
849 770 883 843 ἡ
907 777 1043 844 δίκη.

206 862 386 912 ΠΩΛ.
426 860 556 911 Ναί.

212 943 337 994 ΣΩ.
374 936 888 1008 Εὖδαιμονέστατος
915 939 1019 1007 μὲν
1035 936 1145 1008 ἄρα
1163 935 1192 992 ὁ
1211 936 1285 1009 μὴ
1308 942 1450 1009 ἔχων
1467 944 1668 993 κακίαν
1688 940 1750 993 ἐν
1778 962 1812 1004 Ε

68 1027 216 1093 ψυχῇ
229 1064 244 1091 ,
266 1019 452 1092 ἐπειδὴ
472 1026 636 1075 τοῦτο
653 1022 913 1090 μέγιστον
930 1026 1047 1075 τῶν
1063 1027 1257 1076 κακῶν
1274 1021 1472 1093 ἐφάνη.

207 1109 386 1160 mm.
426 1109 621 1175 Δῆλον
639 1103 727 1175 δή.

211 1193 336 1243 ΣΩ.
376 1186 656 1254 Δεύτερος
675 1185 859 1255 δήπου
888 1183 918 1241 ὁ
939 1183 1434 1258 ἀπαλλαττόμενος.

207 1274 386 1324 ΠΩΛ.
426 1267 662 1325 ”Εοικεν.

210 1357 335 1407 ΣΩ.
375 1343 554 1415 Οὗτος
582 1348 636 1405 δ’
657 1343 730 1420 ἦν
758 1348 787 1403 ὁ
813 1352 1263 1422 νουθετούμενός
1291 1374 1349 1407 τε
1374 1353 1466 1407 καὶ
1487 1354 1749 1423 ἐπιπλητ-

69 1435 298 1505 τόμενος
317 1434 408 1488 καὶ
428 1435 591 1503 δίκην
611 1433 813 1496 διδούς.

208 1521 389 1571 Ima.
428 1520 559 1569 Ναί.

210 1603 333 1654 ΣΩ.
380 1597 631 1652 Κάκιστα
660 1595 770 1666 ἄρα
798 1601 860 1669 ζῇ
891 1594 920 1652 ὁ
951 1601 1091 1668 ἒχων
1120 1596 1340 1654 ἀδικίαν
1358 1601 1450 1654 καὶ
1469 1599 1543 1671 μὴ
1566 1596 1748 1655 ἀπαλ-

70 1680 410 1751 λαττόμενος.

207 1769 386 1820 Ima.
427 1768 699 1819 Φαίνεται.

210 1851 337 1902 ΣΩ.
378 1844 613 1902 Οὐκοῦν
642 1841 805 1910 οὗτος
833 1846 1093 1916 τυγχάνει
1123 1842 1205 1901 ὢν
1234 1843 1295 1911 ὃς
1326 1843 1399 1902 ὅὶν
1427 1845 1492 1903 τοὶ
1518 1850 1746 1918 μέγιστα

68 1927 280 1986 ἀδικῶν
308 1928 400 1984 καὶ
435 1927 717 1999 χριόμενος
742 1935 969 1999 μεγίστῃ
997 1926 1183 2001 ἀδικίᾳ
1215 1929 1576 2000 διαπράξηται
1606 1929 1747 1985 ὥστε

69 2011 204 2082 μήτε
225 2018 619 2066 νουθετεῖσθαι
647 2010 780 2080 μήτε
811 2012 1142 2076 κολάζεσθαι
1159 2011 1294 2083 μήτε
1326 2015 1489 2083 δίκην
1507 2012 1742 2085 διδόναι,
1776 2036 1862 2086 479

71 2092 257 2162 ὥσπερ
276 2092 348 2148 σύ
368 2090 478 2165 φῂς
492 2090 781 2162 Ἀρχέλαον
801 2094 1260 2160 παρεσκευάσθαι
1278 2095 1371 2150 καὶ
1391 2093 1523 2160 τούς
1540 2094 1746 2160 ἄλλους

69 2175 384 2243 τυράννους
399 2176 491 2228 καὶ
509 2175 744 2244 ῥήτορας
763 2176 854 2229 καὶ
874 2175 1178 2241 δυνάστας;

211 2261 388 2312 maa.
431 2254 664 2311 ’Έοικεν.

211 2345 420 2396 XXXV.
494 2342 619 2393 ΣΩ.
659 2337 875 2408 Σχεδὸν
893 2339 1001 2409 γάρ
1021 2359 1131 2394 που
1150 2332 1335 2410 οὗτοι,
1368 2334 1414 2396 ὦ
1433 2340 1648 2413 ἄριστε,
1679 2341 1740 2399 τό

70 2421 206 2478 αὐτὸ
233 2424 701 2491 διαπεπραγμένοι
722 2425 831 2476 εἰσί
840 2463 854 2488 ,
878 2420 1063 2489 ὥσπερ
1083 2418 1158 2476 ἄν
1176 2429 1233 2478 εἴ
1244 2445 1324 2487 τις
1341 2435 1453 2489 τοῖς
1470 2430 1743 2495 μεγίστοις

71 2505 346 2574 νοσήμασι
385 2502 780 2573 συνισχόμενος
817 2504 1171 2571 διαπράξαιτο
1208 2505 1282 2576 μὴ
1323 2507 1543 2563 διδόναι
1582 2513 1743 2581 δίκην

70 2591 183 2641 τῶν
219 2588 343 2656 περὶ
380 2585 441 2641 τὸ
479 2591 635 2655 σῶμα
675 2583 1079 2657 ἁμαρτημάτων
1115 2599 1229 2653 τοῖς
1264 2593 1468 2658 ἰατροῖς
1499 2592 1635 2662 μηδὲ
1654 2596 1743 2647 ία-

70 2668 395 2737 τρεύεσθαι,
417 2668 787 2739 φοβούμενος,
810 2666 1117 2739 ὡσπερανεὶ
1138 2682 1291 2742 παῖς,
1311 2670 1370 2727 τό
1394 2672 1634 2729 κάεσθαι
1650 2675 1740 2729 καὶ

72 2770 132 2803 το
155 2750 484 2820 τέμνεσθαι,
506 2747 592 2805 ὅτι
611 2748 889 2820 ἀλγεινόν.
924 2747 961 2822 ἦ
984 2750 1050 2808 οὐ
1072 2755 1327 2809 δοκεῖκαὶ
1346 2755 1433 2809 σοὶ
1452 2752 1654 2819 οὕτωςς
1773 2773 1805 2814 Β
