1962 3112
35 0 66 21 ‚s
92 0 211 27 'zv-³
229 0 233 3 ’

120 76 177 124 ‚7
768 26 1139 116 ΓοΡιἿᾼΣ.
1212 40 1250 111 T
1350 24 1354 25 ⁷
1600 104 1602 106 .
1694 64 1799 117 215

120 204 176 271 ρὶ
197 208 294 274 τῆς
302 203 610 301 ῥητορικῆς.
641 205 926 272 φοβοῦμαι
944 191 1051 254 οὖν
1070 199 1367 268 διελέγχειν
1386 214 1466 268 σε,
1477 198 1552 270 μή
1569 220 1637 270 με
1655 195 1801 255 ὑπο-

122 285 294 357 λάβῃς
322 281 392 338 οὐ
421 281 559 352 πρὸς
586 280 648 337 τὸ
670 289 896 353 πρᾶγμα
925 285 1357 353 φιλονεικοῦντα
1375 283 1555 351 λέγειν
1574 286 1675 335 τοῦ
1695 303 1800 337 κα-

122 362 366 436 ταφανὲς
385 365 676 435 γενέσθαι,
708 362 847 420 ἀλλὰ
867 365 1006 434 πρὸς
1025 365 1101 422 σέ.
1140 360 1255 433 ἐγὼ
1268 355 1399 433 οὖν,
1433 364 1601 434 εἰμὲν
1617 365 1708 420 καὶ
1729 362 1800 418 σὺ

121 445 172 501 εἶ
186 451 300 501 τῶν
319 442 647 512 ἀνθρώπων
685 465 871 514 ωνπερ
910 448 1003 501 καὶ
1038 444 1174 516 ἐγω,
1201 443 1376 516 ἡδέως
1404 444 1478 501 ἄν
1509 463 1570 502 σε
1603 450 1802 515 διερω-
1826 455 1921 503 458·

119 527 271 601 τῴην
287 549 298 559 ·
338 533 388 583 εἰ
406 531 463 583 δὲ
483 528 586 599 μή,
605 527 808 599 ἐῴην”
770 550 861 583 αν.
919 529 1027 599 ἐγὼ
1045 527 1104 590 δὲ
1122 533 1292 583 τίνων
1317 533 1452 599 εἰμίς
1486 535 1600 584 τῶν
1625 525 1801 600 ἡδέως

121 609 222 680 μὲν
241 605 314 664 ἂν
332 613 734 680 ἐλεγχθέντων,
772 618 827 665 εἴ
849 633 901 665 τι
930 608 1004 681 μὴ
1025 608 1231 681 ἀληθὲς
1249 610 1391 680 λέγω
1405 653 1419 679 ,
1457 609 1633 681 ἡδέως
1652 608 1705 666 δ’
1727 607 1800 666 ἄν

119 691 484 761 ἐλεγξάντων,
527 698 583 746 εἰ
604 696 685 756 τίς
703 713 754 746 τι
784 689 856 762 μὴ
890 689 1096 763 ἀληθὲς
1125 694 1301 762 λέγοι,
1339 690 1444 747 οὐκ
1464 691 1800 763 ἀηδέστερον

122 774 266 848 μέντ’
299 773 374 831 ἄν
402 779 777 846 ἐλεγχθέντων
802 773 840 848 ἦ
870 777 1235 848 έλεγξάντων·
1293 779 1478 846 μεῖζον
1515 772 1622 847 γὰρ
1661 773 1795 831 αὐτὸ
1907 816 1926 821 -

118 857 344 928 ἀγαθὸν
378 857 648 930 ἡγοῦμαι,
708 857 926 932 ὅσῳπερ
963 863 1147 928 μεῖζον
1182 855 1406 928 ἀγαθόν
1440 859 1591 912 ἐστιν
1626 854 1800 912 αὐτὸν

120 939 503 1011 ἀπαλλαγῆναι
538 946 718 995 κακοῦ
753 947 855 995 τοῦ
888 945 1149 1011 μεγίστου
1188 935 1225 1010 ἦ
1260 938 1435 996 ἄλλον
1471 936 1793 1006 ἀπαλλάξαι.

122 1021 289 1079 οὐδὲν
319 1021 427 1093 γὰρ
455 1021 604 1093 οἶμαι
630 1029 903 1078 τοσοῦτον
933 1020 1109 1077 κακὸν
1139 1020 1280 1077 εἶναι
1308 1020 1621 1094 ἀνθρώπῳ,
1660 1019 1798 1076 ὅσον

121 1103 256 1169 δόξα
275 1102 485 1174 ψευδὴς
513 1104 637 1172 περὶ
666 1096 748 1158 ὦν
773 1104 1033 1174 τυγχάνει
1062 1109 1170 1159 νῦν
1198 1101 1332 1175 ἡμῖν
1358 1100 1386 1158 ὁ
1413 1101 1576 1173 λόγος
1596 1100 1692 1157 ὤν.
1747 1107 1800 1159 εἰ
1825 1121 1858 1163 Β
1953 1139 1956 1142 >

119 1187 223 1256 μὲν
251 1179 359 1240 οὖν
381 1186 471 1239 καὶ
502 1182 574 1239 σύ
604 1183 717 1257 φῂς
743 1191 995 1250 τοιοῦτος
1024 1183 1163 1240 εἶναι
1175 1184 1617 1256 ,διαλεγώμεθα
1673 1187 1724 1238 εἰ
1740 1186 1799 1238 δὲ

121 1269 214 1323 καὶ
235 1270 391 1323 δοκεῖ
403 1272 600 1337 χρῆναι
620 1268 745 1338 έᾷν,
786 1268 965 1337 ἐῶμεν
991 1266 1098 1338 ἤδη
1118 1272 1328 1338 χαίρειν
1359 1267 1450 1322 καὶ
1480 1265 1799 1336 διαλύωμεν
1882 1326 1885 1330 ,
1908 1318 1953 1325 φ.

121 1347 220 1404 τὸν
237 1350 423 1418 λόγον.
1818 1365 1837 1378 ·’
1893 1372 1899 1377 ’
1953 1368 1956 1371 ·

262 1438 419 1488 ΓΟΡ.
452 1428 616 1486 Ἀλλα
637 1432 775 1501 φημὶ
795 1432 897 1502 μὲν
915 1434 1102 1502 ἔγωγε,
1124 1454 1166 1488 ω
1190 1431 1502 1502 Σώκρατες,
1523 1431 1614 1486 καὶ
1634 1427 1800 1494 αὐτος

124 1519 373 1578 τοιοῦτος
393 1512 532 1568 εἶναι
551 1508 672 1568 οἷον
691 1510 764 1567 σύ
784 1510 989 1583 ὑφηγεῖ
999 1534 1009 1544 ·
1049 1521 1181 1578 ἴσως
1209 1515 1398 1584 μέντοι
1425 1517 1566 1583 χρῆν
1585 1514 1800 1566 ἐννοεῖν

122 1595 215 1650 καὶ
231 1592 293 1649 τὸ
314 1599 427 1649 τῶν
447 1593 757 1661 παρόντων.
807 1593 977 1649 πάλαι
1004 1593 1113 1664 γάρ
1143 1616 1254 1664 τοι,
1283 1596 1416 1664 πρὶν
1435 1595 1527 1649 καὶ
1546 1590 1688 1664 ὑμᾶς
1707 1594 1801 1648 ἐλ-

123 1683 266 1745 θεῖν,
288 1673 397 1744 ἐγώ
415 1686 525 1740 τοῖς
544 1682 790 1744 παροῦσι
807 1674 985 1731 πολλὰ
1004 1675 1363 1747 ἐπεδειξάμην
1375 1718 1391 1746 ,
1424 1676 1515 1732 καὶ
1539 1681 1650 1730 νῦν
1670 1682 1801 1738 ἴσως

123 1757 316 1827 πόρρω
338 1756 720 1828 ἀποτενοῦμεν
733 1799 747 1826 ,
768 1753 840 1828 ἦν
860 1757 1260 1828 διαλεγώμεθα.
1318 1769 1549 1814 σκοπεῖν
1566 1750 1673 1813 οὖν
1689 1754 1791 1828 χρὴ
1831 1777 1861 1820 c

121 1839 213 1893 καὶ
240 1836 300 1893 τὸ
332 1837 574 1908 τούτων,
618 1839 695 1910 μή
722 1861 874 1903 τινας
892 1836 1045 1894 αὐτοῦ
1052 1860 1082 1893 ν
1101 1842 1402 1911 κατέχομεν
1419 1841 1798 1911 βουλομένους

118 1941 171 1975 τι
188 1923 280 1976 καὶ
298 1919 435 1976 ἄλλο
455 1920 731 1991 πράττειν.

257 2007 390 2057 xm.
466 2009 615 2059 XAI.
678 2009 792 2059 Τοῦ
836 2003 939 2073 μὲν
967 2004 1255 2075 θορύβου,
1296 1995 1341 2057 ὦ
1369 2007 1578 2072 Γοργία
1614 2022 1672 2057 τε
1707 2004 1800 2058 καὶ

121 2082 440 2154 Σώκρατες,
463 2084 620 2140 αὐτοὶ
643 2084 873 2140 ἀκούετε
893 2084 1108 2140 τούτων
1125 2090 1239 2141 τῶν
1258 2082 1501 2154 ἀνδρῶν,
1522 2086 1799 2155 βουλομέ-

120 2187 237 2220 νων
254 2162 502 2236 ἆκούειν,
524 2165 622 2221 ἐάν
651 2189 702 2221 τι
720 2169 908 2237 λέγητε
923 2187 934 2198 ·
972 2168 1090 2237 ἐμοὶ
1110 2166 1162 2222 δ’
1185 2160 1291 2223 οὖν
1318 2168 1410 2223 καὶ
1436 2164 1587 2240 αὐτῷ
1609 2165 1682 2237 μὴ
1705 2168 1799 2235 γέ-

124 2267 274 2300 νοιτο
294 2245 533 2316 τοσαύτη
555 2244 811 2317 ἀσχολία,
851 2245 990 2301 ὥστε
1021 2247 1294 2303 τοιούτων
1313 2248 1499 2318 λόγων
1527 2250 1620 2304 καὶ
1650 2247 1797 2303 οὕτω

122 2330 437 2398 λεγομένων
472 2326 732 2400 ἀφεμένω
770 2325 1232 2397 προύργιαίτερόν
1267 2351 1319 2385 τι
1357 2331 1625 2399 γενέσθαι
1661 2327 1796 2386 ἄλλο

119 2410 393 2480 πράττειν.

263 2496 432 2547 ΚΑΛ.
468 2490 557 2562 Νὴ
580 2488 709 2555 τούς
727 2490 928 2562 θεούς,
962 2484 1007 2545 ὦ
1027 2496 1353 2562 Χαιρεφῶν,
1385 2493 1476 2549 καὶ
1494 2492 1598 2564 μὲν
1618 2492 1798 2564 δήκαὶ
1830 2517 1863 2557 1)

121 2571 289 2638 αὐτὸς
308 2579 530 2638 πολλοῖς
549 2572 653 2643 ἤδη
675 2573 861 2643 λόγοις
879 2573 1329 2644 παραγενόμενος
1357 2572 1462 2630 οὐκ
1481 2573 1586 2630 οἶδ’
1610 2579 1662 2630 εἰ
1677 2573 1797 2630 πιό-

121 2674 250 2710 πυτε
284 2654 473 2726 ἥσθην
510 2652 688 2719 οὕτως
727 2655 913 2723 ὥσπερ
942 2661 1095 2711 νυνί·
1153 2653 1278 2710 ὥστ’·
1299 2662 1510 2727 ἔμοιγε,
1548 2652 1656 2712 κᾶν
1693 2655 1794 2727 τὴν

123 2732 330 2806 ἡμέραν
350 2735 488 2808 ὅλην
505 2739 730 2808 ἐθέλητε
752 2741 1104 2807 διαλέγεσθαι
1117 2781 1131 2808 ,
1150 2749 1445 2810 χαριεῖσθε.
