1962 3112
216 126 318 180 208
824 125 1296 176 ΠΛΑΤῼΝΟΣ
1842 137 1894 180 1¹1

223 266 608 335 παιδοτρίβην·
659 257 687 316 6
719 262 779 316 δὲ
807 256 1170 331 χρηματιστὴς
1191 252 1355 324 οὗτος
1372 259 1520 334 ἄλλῳ
1540 258 1897 333 ἀναφανήσμ

222 367 311 399 ται
329 343 787 415 χρηματιζόμενος
805 342 896 397 καὶ
915 339 1015 411 οὐχ
1035 337 1186 414 αὗτςό
1197 383 1213 410 ,
1244 340 1382 398 ἀλλὰ
1403 345 1488 400 σοὶ
1506 351 1584 418 τῷ
1606 347 1894 418 δυναμένῳ

223 429 405 498 λέγειν
425 429 515 482 καὶ
535 431 755 482 πείθειν
772 423 838 479 τὰ
857 422 1063 494 πλήθη.

365 514 494 565 VIII.
570 513 696 563 ΣΩ.
748 511 880 561 Νῦν
916 527 1009 576 μοι
1054 508 1232 569 δοκεῖς
1269 509 1538 578 δηλῶσαι,
1588 502 1634 563 ὦ
1667 513 1895 579 Γοργία,

116 605 198 649 453
228 589 498 661 ἐγγύτατα
518 587 620 661 τὴν
640 585 938 660 ῥητορικὴν
956 585 1161 657 ἥντινα
1180 591 1374 659 τέχνην
1390 587 1515 660 ἡγεῖ
1540 587 1678 645 εἶναι
1691 632 1705 658 ,
1743 592 1834 646 καὶ
1855 612 1896 647 ει

229 695 280 729 τι
308 671 413 744 ἐγώ
454 677 707 743 συνίημι,
747 673 919 741 λέγεις
946 666 1030 724 ὅτι
1060 677 1294 735 πειθοῦς
1323 672 1655 743 δημιουργός
1690 675 1838 727 ἐστιν
1864 671 1898 744 ἦ

229 755 518 827 ῥητορική,
555 755 647 810 καὶ
673 751 707 823 ἡ
739 755 1078 822 πραγματεία
1109 749 1279 822 αὐτῆς
1306 750 1492 808 ἅπασα
1521 754 1691 810 καὶτὸ
1723 754 1899 826 κεφά-

229 844 388 893 λαιον
409 841 483 901 εἰς
502 841 666 891 τοῦτο
685 840 937 906 τελευτᾷ·
976 828 1013 903 ἦ
1045 836 1183 903 ἔχεις
1211 857 1262 889 τι
1291 838 1473 905 λέγειν
1492 839 1580 892 ἐπὶ
1609 838 1777 893 πλέον
1794 837 1898 908 τὴν

230 915 527 990 ῥητορικὴν
558 917 838 973 δύνασθαι
857 912 893 986 ἢ
915 913 1095 971 πειθώ
1115 927 1226 980 τοϊς
1254 913 1561 973 ἀκούουσιν
1581 921 1643 975 ἐν
1662 925 1732 991 τῇ
1749 927 1900 992 ψυχῇ

230 1010 434 1066 ποιεῖν;
1879 1068 1881 1070 q

375 1087 531 1138 ΓΟΡ.
573 1079 872 1151 Οὐδαμως,
896 1103 938 1136 ω
958 1079 1281 1150 Σώκρατες,
1315 1079 1452 1136 αλλοὶ
1471 1102 1565 1151 μοι
1584 1085 1761 1147 δοκεῖς
1780 1085 1872 1138 ἰκα

235 1187 345 1230 νως
361 1162 666 1234 ὁρίζεσθαι·
705 1167 818 1218 ἔστι
836 1184 942 1233 γαρ
963 1170 1127 1218 τοῦτο
1148 1159 1207 1218 τὸ
1229 1163 1532 1232 κεφάλαιον
1551 1161 1733 1234 αὐτῆς.

378 1252 501 1303 ΣΩ.
540 1244 820 1301 ’Ἀκουσον
839 1244 935 1315 δή,
969 1267 1008 1299 ω
1030 1250 1254 1316 ΓοργιἌα
1310 1243 1416 1315 ἐγώ
1445 1266 1552 1315 γαρ
1583 1247 1645 1300 εὐ
1667 1244 1776 1301 ἰσθ’
1800 1244 1900 1317 ὅτι,

174 1343 208 1384 Β
238 1352 312 1395 ως
331 1326 572 1400 ἐμαυτὸν
593 1332 788 1397 πείθω,
820 1335 971 1398 εἴπερ
992 1348 1071 1392 τις
1089 1327 1252 1392 ἄλλος
1273 1326 1421 1399 ἄλλῳ
1443 1329 1746 1397 διαλέγεται
1764 1333 1901 1399 βου-

238 1410 470 1483 λόμενος
498 1412 701 1466 εἰδέναι
731 1406 864 1464 αὐτὸ
895 1416 1056 1464 τοῦτο
1088 1409 1263 1478 περὶ
1243 1409 1376 1464 ότου
1407 1406 1435 1464 6
1458 1409 1621 1479 λόγος
1640 1411 1779 1480 ἐστί,
1816 1412 1903 1465 καὶ

238 1496 329 1565 ἐμὲ
350 1492 489 1549 εἶναι
506 1492 722 1548 τούτων
741 1492 862 1547 ἕνα·
897 1490 1030 1556 ἀξιῶ
1051 1491 1109 1547 δὲ
1128 1494 1219 1547 καὶ
1238 1494 1314 1547 σε’.

379 1582 533 1633 ΓΟΡ.
585 1581 653 1631 Τί
669 1568 774 1631 οὖν
794 1575 889 1646 δή,
914 1569 957 1630 ὦ
978 1575 1297 1647 Σώκρατες;

378 1664 501 1715 ΣΩ.
556 1656 688 1729 Ἐγώ
711 1660 816 1729 ἐρῶ
839 1663 959 1712 νῦν.
997 1656 1103 1727 ἐγώ
1126 1656 1227 1729 τὴν
1245 1656 1353 1714 ἀπὸ
1367 1664 1462 1729 τῆς
1481 1661 1769 1730 ῥητορικῆς
1787 1677 1896 1713 πει·

235 1741 354 1812 θαί,
388 1740 426 1812 ἤ
442 1747 521 1806 τίς
541 1739 656 1796 ποτ’
683 1742 830 1796 ἐστὶν
841 1737 910 1810 ἣν
930 1740 1000 1794 σύ
1020 1743 1191 1811 λέγεις
1210 1743 1438 1811 καὶπερὶ
1458 1734 1707 1797 ὧντινων
1724 1760 1902 1811 πραγ-

237 1823 428 1895 μάτων
466 1826 577 1879 ἐστὶ
615 1822 818 1889 πειθώ,
860 1828 1053 1892 σαφῶς
1074 1825 1175 1892 μὲν
1196 1816 1260 1876 εὖ
1289 1821 1400 1877 ἴσθ’
1423 1820 1507 1877 ὅτι
1526 1821 1630 1878 οὐκ
1652 1822 1800 1894 οἶδα,
1838 1844 1903 1878 ου

239 1903 352 1976 μὴν
381 1903 495 1962 ἀλλ’
524 1903 819 1960 ὑποπτεύω
850 1924 913 1974 γε
940 1901 1012 1974 ἣν
1040 1903 1194 1974 οἶμαί
1220 1921 1281 1959 σε
1310 1907 1490 1975 λέγειν
1518 1907 1607 1961 καὶ
1645 1907 1769 1977 περὶ
1799 1898 1880 1960 cSv

240 1985 407 2043 οὐδὲν
424 1990 611 2059 μέντοι
628 1982 793 2060 ἦττον
814 1986 1082 2058 ἐρήσομαί
1097 2002 1175 2057 σε,
1188 1991 1311 2042 τίνα
1329 1989 1458 2043 ποτὲ
1476 1992 1650 2058 λέγεις
1666 1986 1769 2059 τὴν
1789 2009 1907 2043 πει-

178 2082 210 2123 c
242 2068 329 2125 θῶ
361 2067 466 2140 τὴν
494 2067 602 2126 ἀπὸ
635 2076 729 2142 τῆς
759 2071 1049 2141 ῥητορικῆς
1079 2070 1170 2123 καὶ
1199 2071 1323 2140 περὶ
1351 2075 1519 2125 τίνων
1546 2068 1722 2143 αὐτὴν
1754 2070 1905 2127 εἶναι.

239 2157 341 2207 τοῦ
370 2144 477 2207 οῦν
505 2153 666 2207 ἕνεκα
698 2151 764 2223 δὴ
795 2149 964 2216 αὐτὸς
1002 2149 1338 2207 ὑποπτεύων
1368 2153 1427 2208 σὲ
1459 2153 1748 2224 ἐρήσομαι,
1792 2150 1903 2208 ἀλλ’

241 2231 345 2289 οὐκ
365 2229 531 2298 αὐτὸς
551 2236 719 2304 λέγω;
758 2234 825 2290 οὐ
847 2241 951 2289 σοῦ
971 2236 1160 2304 ἕνεκα,
1190 2232 1328 2290 ἀλλὰ
1348 2242 1451 2290 τοῦ
1468 2235 1664 2307 λόγου,
1694 2239 1786 2292 ἵνα
1806 2233 1908 2290 οῦ·-

243 2336 318 2371 τω
339 2319 531 2387 προΐῃ,
567 2313 639 2380 ὡς
657 2313 866 2386 μάλιστ’
889 2313 960 2371 ἄν
978 2313 1114 2388 ἡμῖν
1129 2319 1443 2388 καταφανὲς
1462 2327 1617 2373 ποιοῖ
1629 2319 1753 2388 περὶ
1773 2315 1907 2373 ὅτου

244 2400 469 2467 λέγεται.
524 2397 714 2453 σκόπει
744 2396 850 2468 γὰρ
883 2406 937 2453 εἴ
959 2414 1046 2453 σοι
1077 2403 1224 2455 δοκῶ
1256 2403 1478 2463 δικαίως
1509 2396 1792 2471 ἀνερωτᾷν
1826 2415 1904 2456 σε.

244 2478 425 2548 ὥσπερ
446 2475 519 2533 ἂν
537 2484 587 2534 εἰ
604 2479 908 2550 ἐτύγχανόν
923 2498 984 2535 σε
1005 2484 1226 2552 ἐρωτῶν
1243 2486 1322 2545 τίς
1342 2483 1453 2536 ἐστι
1470 2485 1582 2534 τῶν
1601 2480 1909 2551 ζωγράφων

244 2563 467 2628 Ζεῦξις,
499 2568 656 2631 εἰ’μοι
677 2561 822 2627 εἶπες
840 2560 924 2619 ὅτι
948 2560 976 2619 6
997 2561 1062 2617 τὰ
1084 2567 1193 2629 ζῶα
1210 2562 1475 2635 γράφων,
1505 2554 1588 2630 ἆρ’
1608 2558 1710 2617 οῦκ
1733 2558 1803 2616 ἄν
1823 2565 1906 2617 δι·-

246 2648 413 2706 καίως
430 2658 491 2695 σε
509 2639 728 2713 ἠρόμην
743 2642 771 2698 6
793 2643 858 2698 τά
878 2653 1005 2699 ποῖα
1024 2651 1137 2699 τῶν
1156 2643 1227 2711 ζτό
1234 2666 1311 2700 ων
1328 2643 1564 2715 γράφων
1584 2644 1675 2699 καὶ
1695 2650 1806 2700 ποῦ
1818 2668 1834 2713 ;

383 2726 436 2780 Γ
433 2726 537 2779 ΟΡ.
577 2724 740 2779 Πάνυ
761 2747 836 2795 γε.

1938 2862 1962 2957 ff&
1942 2796 1962 2847 ,κ’
1935 2747 1939 2763 “
1947 2685 1959 2721 “Α
