1962 3112
187 123 289 175 288
798 122 1272 171 ΠΛΑΤΩΝΟΣ
1804 132 1862 177 90

194 255 465 325 πράττων.
510 251 744 324 Ἀνάγκη
765 250 912 308 ταῦτ’
936 251 1077 308 εἶναι
1095 251 1285 319 οὕτως.
1340 257 1448 312 Καὶ
1477 256 1590 328 μὴν
1620 260 1742 329 περὶ
1760 259 1862 329 μὲν

135 357 166 398 Β
198 335 538 407 ἀνθρώπους
569 335 636 390 τὰ
667 334 1020 406 προσήκοντα
1046 334 1304 405 πράττων
1334 337 1490 393 δίκαι’
1511 335 1581 394 ἂν
1612 339 1857 411 πράττοι,

192 422 318 489 περὶ
338 419 396 474 δὲ
414 417 587 483 θεοὺς
606 417 732 473 ὅσια
749 439 760 449 ·
798 416 899 473 τὸν
918 417 1061 472 δὲτὰ
1082 421 1266 473 δίκαια
1285 421 1375 474 καὶ
1404 418 1530 476 ὅσια
1549 423 1858 494 πράττοντα

193 501 406 571 ἀνάγκη
439 503 655 555 δίκαιον
683 501 774 555 καὶ
805 498 965 554 ὅσιον
994 497 1149 555 εἶναι.
1188 498 1341 556 ’Ἐστι
1375 508 1562 558 ταῦτα.
1616 508 1726 560 Καὶ
1760 504 1861 576 μὲν

193 580 260 652 δὴ
281 583 370 636 καὶ
389 579 647 650 ἀνδρεῖόν
665 603 727 650 γε
748 579 982 651 ἀνάγκη·
1022 579 1091 635 οὐ
1119 580 1227 652 γὰρ
1251 582 1315 653 δη
1349 583 1640 655 σώφρονος
1659 585 1865 655 ἀνδρός

197 666 346 718 ἐστιν
374 661 502 716 οὔτε
533 662 753 716 διώκειν
774 661 903 716 οὔτε
937 662 1169 731 φεύγειν
1197 659 1232 716 ἃ
1261 661 1337 733 μὴ
1357 664 1651 735 προσήκει,
1690 663 1802 720 ἀλλ’
1826 663 1860 720 ἃ

198 749 284 800 δεῖ
296 746 386 800 καὶ
406 745 698 815 πράγματα
727 746 819 799 καὶ
848 742 1186 814 ἀνθρώπους
1214 745 1304 799 καὶ
1330 740 1535 814 ἡδονὰς
1563 749 1655 801 καὶ
1685 747 1861 812 λύπας

194 827 424 896 φεύγειν
445 827 536 881 καὶ
557 825 793 893 διώκειν,
806 826 897 880 καὶ
915 825 1265 895 ὑπομένοντα
1284 837 1571 895 καρτερεῖν
1590 825 1733 882 ὅπου
1754 831 1837 882 δεῖ
1849 849 1860 860 ·

131 927 164 968 c
195 906 333 963 ὥστε
353 906 524 977 πολλὴ
545 905 755 977 ἀνάγκη
769 949 784 977 ,
809 900 853 961 ώ
869 912 1217 975 Καλλίκλεις,
1240 905 1340 960 τὸν
1361 907 1654 980 σώφρονα,
1677 908 1861 978 ὥσπερ

197 987 528 1060 διήλθομεν,
560 988 826 1044 δίκαιον”
793 1011 929 1043 οντα
949 989 1040 1043 καὶ
1071 985 1330 1056 ἀνδρεῖον
1351 989 1441 1043 καὶ
1461 987 1619 1045 ὅσιον
1637 988 1860 1060 ἀγαθὸν

194 1066 374 1141 άνδρα
395 1068 535 1124 εἶναι
552 1071 763 1139 τελέως,
777 1069 876 1124 τὸν
896 1073 954 1124 δε
973 1068 1191 1138 ἀγαθὸν
1211 1064 1274 1124 εὖ
1294 1091 1351 1124 τε
1371 1071 1462 1126 καὶ
1487 1078 1666 1137 καλῶς
1684 1071 1861 1142 πράτ-

191 1171 309 1206 τειν
338 1149 375 1205 ὁὶ
404 1147 476 1206 α“ν
505 1151 743 1224 πράττῃ,
782 1149 882 1206 τὸν
913 1148 965 1205 δ’
991 1172 1054 1205 ευ
1075 1150 1385 1221 πράττοντα
1403 1151 1675 1222 μακάριόν
1694 1175 1752 1208 τε
1771 1156 1862 1209 καὶ

192 1229 496 1302 εὐδαίμονα
529 1232 694 1302 εἶναι,
734 1235 833 1288 τὸν
865 1234 922 1288 δε
947 1231 1196 1303 πονηρὸν
1223 1233 1315 1288 καὶ
1343 1241 1525 1299 κακῶς
1552 1234 1861 1306 πράττοντα

193 1313 425 1369 άθλιον·
483 1335 645 1379 ουτος
675 1313 726 1368 δ’
750 1311 821 1369 ἀν
851 1321 932 1385 εἴη
963 1312 992 1370 ὁ
1025 1318 1284 1379 ἐναντίως
1315 1319 1455 1385 ἔχων
1483 1322 1561 1388 τῷ
1590 1315 1856 1387 σώφρονι,

193 1391 222 1449 ὁ
243 1393 606 1466 ἀκόλαστος,
589 1417 654 1450 ov
673 1395 745 1450 σύ
764 1397 997 1469 ἐπῄνεις.

331 1483 505 1532 LXIII.
575 1476 709 1547 Ἐγω
736 1480 837 1547 μὲν
867 1479 973 1532 οὐν
1001 1482 1174 1532 ταῦτα
1204 1476 1349 1533 οὕτω
1369 1483 1588 1548 τίθεμαι
1607 1483 1702 1532 καί
1722 1499 1856 1549 φημι

194 1565 366 1614 ταῦτα
388 1557 570 1631 ἀληθῆ
593 1557 756 1615 εἶναι·
805 1563 855 1615 εἰ
881 1560 941 1613 δε
973 1561 1121 1613 ἔστιν
1139 1556 1326 1629 ἀληθῆ
1337 1600 1352 1629 ,
1382 1570 1478 1613 τον
1497 1558 1855 1630 βουλόμενον,

127 1656 162 1697 D
200 1639 272 1706 ὡς
301 1645 504 1711 ἔοικεν,
546 1640 848 1711 εὐδαίμονα
878 1640 1018 1696 εἶναι
1048 1641 1423 1711 σωφροσύνην
1459 1639 1560 1710 μὲν
1597 1642 1852 1696 διωκτέον

192 1723 283 1777 καὶ
303 1720 596 1793 ἀσκητέον,
618 1721 918 1778 ἀκολασίαν
938 1722 996 1778 δὲ
1015 1724 1286 1792 φευκτέον
1306 1719 1378 1786 ὡς
1396 1727 1502 1793 ἔχει
1521 1727 1711 1778 ποδῶν
1731 1724 1831 1778 ἕκα

194 1821 320 1867 στος
341 1801 529 1874 ἡμῶν,
563 1806 653 1858 καὶ
683 1805 1168 1869 παρασκευαστέον
1188 1803 1422 1872 μάλιστα
1436 1802 1537 1872 μὲν
1557 1804 1728 1874 μηδὲν
1749 1807 1859 1858 δεῖ·

194 1893 329 1939 σθαι
346 1890 450 1938 τοῦ
476 1884 834 1955 κολάζεσθαι,
874 1882 971 1938 ἐὰν
1002 1883 1060 1938 δὲ
1090 1887 1265 1954 δεηθῇ
1294 1879 1330 1953 ἢ
1359 1881 1526 1948 αὐτὸς
1543 1879 1581 1954 ἦ
1600 1882 1763 1948 ἄλλος
1780 1905 1859 1948 τις

193 1972 306 2021 τῶν
327 1970 569 2036 οἰκείων,
593 1962 633 2036 η’
651 1966 867 2036 ἰδιώτης
899 1962 931 2035 ἢ
961 1964 1135 2034 πόλις,
1155 1966 1442 2019 ἐπιθετέου
1472 1968 1630 2035 δίκην
1649 1966 1741 2020 καὶ
1759 1986 1857 2020 κο-

195 2050 451 2116 λαστέον,
489 2053 538 2103 εί
553 2051 734 2118 μέλλει
763 2045 1039 2118 εὐδαίμων
1059 2044 1213 2102 εἶναι.
1268 2039 1433 2110 οὗτος
1458 2051 1640 2116 ἔμοιγε
1661 2050 1815 2102 δοκεῖ
1828 2050 1856 2103 ὁ

195 2127 401 2193 σκοπὸς
431 2128 596 2199 εἶναι,
636 2128 773 2201 πρὸς
802 2127 868 2184 ὃν
896 2131 1171 2202 βλέποντα
1202 2133 1284 2185 δεῖ
1313 2135 1436 2201 ζῇν,
1474 2131 1564 2185 καὶ
1584 2129 1764 2185 πάντα
1785 2135 1858 2196 εἰς

193 2216 357 2265 τοῦτο
377 2207 553 2265 καὶτὰ
573 2208 745 2266 αὑτοῦ
769 2216 1126 2268 συντείνοντα
1144 2209 1319 2269 καὶτὰ
1339 2218 1434 2282 τῆς
1454 2212 1688 2281 πόλεως,
1710 2211 1858 2280 ὅπως

195 2291 516 2362 δικαιοσύνη
549 2294 812 2362 παρέσται
837 2294 926 2348 καὶ
962 2294 1300 2364 σωφροσύνη
1334 2299 1414 2368 τῷ
1447 2299 1696 2367 μακαρίῳ
1727 2295 1855 2364 μέλ-

126 2379 159 2419 Ε
193 2380 345 2428 λοντι
382 2378 634 2442 ἔσεσθαι,
686 2373 831 2429 οὕτω
870 2375 1157 2445 πράττειν,
1212 2374 1318 2430 οὐκ
1353 2378 1650 2446 ἐπιθυμίας
1683 2378 1857 2430 ἐῶντα

192 2451 534 2519 ἀκολάστους
553 2454 692 2510 εἶναι
711 2458 801 2511 καὶ
818 2457 1020 2522 ταύτας
1039 2461 1416 2527 ἐπιχειροῦντα
1436 2462 1704 2527 πληροῦν,
1718 2453 1859 2528 ἀνή-

191 2556 363 2590 νυτον
381 2535 556 2591 κακόν
571 2578 586 2605 ,
607 2543 813 2609 λῃστοῦ
832 2544 957 2609 βίον
983 2544 1173 2605 ζῶντα.
1222 2538 1350 2594 οὔτε
1368 2536 1473 2608 γάρ
1494 2532 1566 2591 ἀν
1586 2534 1733 2610 ἄλλῳ
1754 2535 1858 2592 άν-

190 2616 404 2690 θρώπςο
436 2619 745 2688 προσφιλὴς
773 2615 844 2674 ἀν
874 2628 957 2691 εἴη
984 2618 1013 2675 ὁ
1046 2625 1294 2684 τοιοῦτος
1321 2617 1450 2674 οὔτε
1476 2623 1594 2687 θεῷ
1611 2638 1622 2648 ·
1656 2639 1859 2674 κοινω-

189 2708 308 2752 νεῖν
325 2694 433 2768 γὰρ
453 2695 747 2763 ἀδύνατος·
782 2698 891 2772 ὅτῳ
912 2699 1060 2771 δὲμὴ
1081 2705 1164 2757 ἔνι
1180 2704 1468 2770 κοινωνία,
1489 2702 1642 2768 φιλία
1662 2696 1765 2754 οὐκ
1783 2694 1858 2754 ἂν

191 2786 290 2849 εἴη.
329 2779 466 2849 φασὶ
482 2777 533 2834 δ’
558 2783 613 2834 οἱ
630 2785 811 2850 σοφοί,
834 2775 879 2835 cb*
900 2787 1239 2853 Καλλίκλεις,
1258 2783 1348 2837 καὶ
1371 2779 1617 2851 οὐρανὸν
1640 2782 1731 2838 καὶ
1748 2786 1856 2853 γῆν
