2020 3094
605 128 1083 179 ΠΛΑΤΩΝΟΣ
1112 130 1385 178 ΛΥΣΙΣ.
1753 127 1821 180 65

141 282 255 320 σευ.
293 266 383 320 καὶ
402 267 510 334 ἐγώ
530 262 686 320 εἶπον
709 257 774 320 Ὦ
792 273 895 318 παῖ
912 259 1245 334 Ἱερωνύμου
1261 259 1617 332 Ἱππόθαλες,
1655 266 1822 316 τοῦτο

140 346 243 416 μὲν
262 347 453 417 μηκέτι
472 353 655 417 εἴπῃς,
699 352 806 400 εἴτε
834 346 961 416 ἐρᾷς
989 365 1090 399 του
1110 351 1216 400 εἴτε
1236 344 1311 415 μή
1328 364 1340 375 ·
1383 342 1504 400 οἶδα
1521 341 1629 415 γάρ
1649 341 1733 399 ὅτι
1753 339 1821 398 οὐ

142 427 321 498 μόνον
356 429 511 499 ἐρᾷς,
551 426 691 483 ἀλλὰ
728 427 819 482 καὶ
860 424 1054 495 πόρρω
1090 422 1195 496 ἤδη
1227 423 1277 480 εἷ
1310 424 1685 495 πορευόμενος
1720 429 1823 480 τοῦ

141 512 355 579 ἔρωτος.
395 510 503 579 εἰμὶ
537 505 588 563 δ’
621 505 727 577 ἐγώ
758 504 826 562 τὰ
855 505 957 576 μὲν
984 505 1126 562 ἄλλα
1155 513 1371 577 φαῦλος
1407 508 1498 564 καὶ
1534 506 1819 578 ἄχρηστος,

140 595 304 646 τοῦτο
322 592 386 645 δέ
400 595 498 661 μοι’
513 610 630 653 πως
646 590 707 645 ἐκ
725 595 869 643 θεοῦ
889 588 1132 658 δέδοται,
1168 586 1305 659 ταχὺ
1325 592 1421 662 οἵω
1440 586 1492 644 τ’
1514 587 1654 645 εἶναι
1670 592 1820 660 γνῶ·
1856 590 1888 632 G

140 693 234 726 ναι
263 670 477 739 ἐρῶντά
504 692 564 726 τε
592 671 684 726 καὶ
721 669 1015 740 ἐρώμενον.
1054 670 1146 725 καὶ
1184 667 1243 734 ὂς
1281 667 1524 735 ἀκούσας
1561 666 1705 726 πολὺ
1742 671 1819 724 ἔτι

137 758 354 823 μᾶλλον
371 750 730 824 ἠρυθρίασεν.
771 749 801 807 ὁ
823 745 930 807 οὖν
948 751 1296 823 Κτήσιππος,
1329 750 1570 808 Ἀστεῖόν
1588 774 1679 823 γε,
1706 745 1743 823 ἦ
1765 748 1818 807 δ’

141 832 220 905 ὃς,
242 832 326 890 ὅτι
344 836 628 907 ἐρυθριᾷς,
654 826 699 888 ὦ
713 831 1059 903 Ἱππόθαλες,
1080 835 1171 890 καὶ
1193 831 1373 899 ὀκνεῖς
1393 838 1564 891 εἰπεῖν
1583 833 1823 903 Σωκρά-

139 937 220 972 τει
248 914 520 987 τοῦνομα·
557 914 654 971 ἐὰν
681 913 732 971 δ’
766 907 930 980 οὗτος
954 917 1046 971 καὶ
1075 913 1312 987 σμικρὸν
1347 914 1551 986 χρόνον
1588 919 1789 970 συνδια
1940 954 1951 1008 5

138 1004 304 1071 τρίψῃ
324 1016 438 1068 σοι,
476 997 929 1068 παραταθήσεται
947 994 1056 1052 ὑπὸ
1077 1003 1183 1051 σοῦ
1202 995 1428 1053 άκούων
1446 994 1605 1068 θαμὰ
1625 999 1822 1067 λέγον-
1940 979 2002 1058 {A

136 1102 243 1148 τος.
281 1077 442 1151 ἡμῶν
469 1084 640 1150 γοῦν,
681 1073 725 1135 ὦ
755 1079 1082 1149 Σώκρατες,
1122 1078 1487 1151 ἐκκεκώφωκε
1508 1076 1574 1134 τὰ
1595 1072 1708 1134 ὦτα
1727 1079 1820 1135 καὶ

136 1164 446 1234 ἐμπέπληκε
463 1162 727 1227 Λύσιδος·
750 1158 821 1216 ἄν
837 1161 939 1231 μὲν
958 1159 1025 1232 δὴ
1042 1163 1133 1218 καὶ
1152 1159 1378 1235 ὑποπίῃ,
1401 1158 1665 1231 εὐμάρεια
1683 1157 1815 1232 ἡμῖν
1841 1172 1876 1213 D

137 1246 249 1301 ἐστὶ
279 1247 368 1300 καὶ
393 1246 447 1310 ἐξ
475 1241 663 1299 ὕπνου
690 1245 1006 1314 ἐγρομένοις
1040 1241 1283 1307 Λύσιδος
1318 1249 1537 1298 οἴεσθαι
1572 1240 1820 1313 τοῦνομα

138 1325 382 1382 ἀκούειν.
423 1327 517 1382 καὶ
547 1321 582 1380 ἃ
610 1324 711 1396 μὲν
741 1325 1128 1395 καταλογάδην
1158 1329 1447 1396 διηγεῖται,
1487 1323 1642 1380 δεινὰ
1661 1323 1814 1394 ὄντα,

137 1405 207 1464 οὐ
235 1406 388 1464 πάνυ
415 1430 467 1463 τι
497 1407 654 1463 δεινά
679 1409 855 1463 ἐστιν·
890 1404 1016 1462 ἄλλ’
1035 1406 1261 1462 ἐπειδὰν
1278 1404 1345 1461 τὰ
1366 1406 1642 1478 ποιήματα
1663 1405 1818 1478 ἡμῶν

136 1488 451 1563 ἐπιχειρήσῃ
479 1496 806 1546 καταπλεῖν
822 1490 914 1545 καὶ
933 1488 1349 1559 συγγράμματα.
1388 1491 1479 1544 καὶ
1499 1486 1532 1545 ὅ
1551 1490 1665 1545 ἐστι
1682 1489 1817 1545 τού-

137 1594 250 1628 των
281 1573 625 1641 δεινότερον,
662 1593 748 1627 οτι
777 1572 867 1627 καὶ
898 1569 1018 1626 αδει
1047 1574 1124 1635 εἰς
1154 1592 1220 1625 τα
1240 1569 1464 1626 παιδικα
1487 1577 1650 1644 φωνῇ
1667 1579 1818 1627 θαυ-

137 1659 335 1728 μασίᾳ,
365 1651 438 1725 ἣν
461 1651 606 1725 ἡμᾶς
626 1651 759 1709 δεῑ’
727 1652 1035 1717 ακούοντας
1054 1650 1367 1748 ἀνέχεσθαι.
1389 1660 1498 1709 νῦν
1522 1654 1580 1710 δὲ
1598 1653 1817 1725 ἐρωτω-

138 1757 304 1807 μενος
332 1733 443 1791 ὑπὸ
474 1741 581 1790 σοῦ
607 1737 861 1807 ἐρυθριᾷ.
917 1734 1071 1790 ’Ἐστι
1101 1736 1186 1805 δέ,
1225 1729 1296 1806 ἦν
1308 1713 1383 1791 δ’
1414 1737 1548 1808 ἐγω,
1586 1734 1616 1793 ὁ
1645 1737 1821 1802 Λύσις

138 1819 263 1883 νέος
280 1839 387 1885 τις,
412 1816 486 1883 ὡς
503 1821 675 1874 ἔοικε·
695 1822 1056 1888 τεκμαίρομαι
1082 1815 1230 1886 δέ,
1199 1839 1284 1872 οτι
1306 1815 1551 1884 ἄκουσας
1569 1816 1817 1891 τοῦνομα
1850 1831 1882 1871 Ε

135 1897 240 1956 οὐκ
258 1903 453 1970 ἔγνων.
527 1897 614 1955 Οὐ
633 1897 741 1971 γὰρ
755 1899 923 1968 πάνυ,
945 1903 1068 1971 ἔφη,
1089 1900 1139 1956 τὶ
1158 1898 1334 1956 αὐτοῦ
1351 1922 1599 1973 τουνομα
1619 1904 1817 1972 λέγου-

135 1999 251 2054 σιν,
290 1979 412 2038 ἀλλ’
447 1986 525 2038 ἔτι
555 1982 842 2052 πατρόθεν
872 1981 1264 2053 ἐπονομάζεται
1283 1981 1372 2039 διὰ
1393 1981 1453 2040 τό
1476 1984 1696 2055 σφόδρα
1716 1983 1815 2040 τὸν

134 2066 342 2132 πατέρα
369 2064 782 2135 γιγνώσκεσθαι
800 2062 992 2120 αὐτοῦ.
1023 2065 1138 2120 ἐπεὶ
1156 2057 1222 2120 εὖ
1241 2063 1352 2122 οἷδ’
1371 2064 1457 2121 ὅτι
1474 2071 1684 2123 πολλοῦ
1705 2069 1815 2131 δεῖς

136 2143 197 2200 τὸ
228 2143 372 2211 εἶδος
400 2142 627 2216 ἀγνοεῖν
656 2152 760 2201 τοῦ
789 2146 1008 2211 παιδός·
1046 2145 1237 2211 ἱκανὸς
1264 2145 1372 2218 γὰρ
1394 2150 1486 2205 καὶ
1506 2146 1613 2205 άπὸ
1636 2148 1815 2220 μόνου

136 2226 341 2282 τούτου
377 2225 804 2297 γιγνώσκεσθαι.
877 2230 1171 2299 Λεγέσθω,
1212 2222 1285 2300 ἦν
1327 2228 1378 2284 δ’
1418 2230 1555 2301 ἐγώ,
1595 2224 1815 2296 οὗτινος

133 2313 259 2365 ἔστι.
333 2309 767 2379 Δημοκράτους,
788 2313 929 2408 ἔφη,τ
956 2315 1059 2364 τοῦ
1082 2309 1412 2376 Acgoeve'mg‘
1389 2334 1419 2367 0
1439 2312 1816 2386 πρεσβύτατος

132 2389 267 2456 υἱός.
340 2389 504 2461 Εἶεν,
541 2385 689 2462 ἧνδ’
710 2390 843 2463 ἐγώ,
886 2414 927 2446 ω
950 2389 1306 2464 Ἱππόθαλες,
1346 2391 1419 2459 ὡς
1438 2406 1701 2464 γενναῖον
1724 2395 1815 2450 καὶ

136 2471 392 2529 νεανικὸν
410 2479 614 2529 τοῦτον
631 2472 731 2530 τὸν
750 2478 924 2544 ἔρωτα
945 2482 1194 2548 πανταχῇ
1213 2472 1470 2543 ἀνεῦρες
1503 2482 1601 2533 καί
1613 2499 1708 2548 μοι
1728 2485 1814 2534 ἴθι

131 2552 435 2621 ἐπίδειξαι
411 2577 446 2610 α
437 2555 558 2611 καὶ
576 2561 757 2612 τοῖσδε
778 2559 1226 2628 ἐπιδείκνυσαι,”
1201 2581 1292 2615 ινα
1313 2563 1443 2615 εἰδῶ
1464 2565 1514 2617 εἰ
1533 2562 1816 2617 ἐπίστασαι
1843 2573 1926 2618 20⁵

131 2634 167 2693 ἃ
185 2658 286 2709 χρη
308 2637 546 2709 ἐραστήν
564 2638 688 2710 περὶ
717 2642 991 2696 παιδικων
1020 2638 1160 2709 πρὸς
1189 2638 1363 2696 αὐτὸν
1382 2636 1418 2712 ἦ
1442 2639 1582 2711 πρὸς
1609 2640 1812 2706 ἄλλους

130 2722 325 2792 λέγειν.
402 2721 630 2778 Τούτων
651 2726 806 2793 δέτι,
845 2727 979 2795 ἔφη,
1001 2730 1253 2797 σταθμοῖ,
1294 2745 1337 2779 ω
1369 2723 1691 2794 Σώκρατες,
1731 2744 1814 2779 ων

130 2801 224 2858 ὅδε
246 2804 419 2925 λέγεις
454 2804 714 2927 1ῙΙῚΙότερον
725 2847 740 2875 ,
761 2798 833 2876 ἦν
853 2802 904 2861 δ’
928 2804 1061 2878 ἐγώ,
1084 2806 1175 2863 καὶ
1195 2802 1256 2861 vd
1281 2807 1417 2878 ἐραν
1436 2808 1662 2873 ἔξαρνος
1682 2804 1730 2861 εἶ
1744 2795 1815 2860 οὖ

308 2894 422 2926 ΕΛΤΟ
