2020 3094
1927 0 1931 3 ,
1963 0 1995 19 a<

254 77 355 128 130
854 42 1326 122 ΠΛΑΤΩΝΟΣ
1867 78 1924 122 49
2011 77 2020 149 ‘2

186 227 220 267 D
251 206 505 268 κούντων
522 212 572 265 τὶ
592 208 731 265 εἶναι
751 206 916 264 οὐδὲν
937 205 1071 277 ὑμῖν
1088 209 1253 277 μέλει,
1275 204 1413 262 ἀλλὰ
1431 212 1544 261 τῶν
1564 204 1771 278 ὁμοίων
1790 203 1923 276 ὑμῖν

253 294 447 366 μόνον.
503 291 607 363 ἐγώ
631 293 737 362 γὰρ
761 286 824 346 εὖ
845 288 995 359 οἶδα,
1038 287 1124 344 ὅτι
1142 289 1374 354 τούτους
1400 289 1532 355 τοὺς
1550 291 1753 361 λόγους
1773 289 1923 344 πάνυ

253 376 355 448 μὲν
372 372 443 431 ἄν
462 373 636 445 ὀλίγοι
655 372 915 446 ἀγαπῷεν
934 370 1228 440 ἅνθρωποι
1248 369 1428 441 ὅμοιοι
1446 369 1598 443 ὑμῖν,
1619 375 1675 427 015
1692 369 1745 427 δ’
1766 371 1925 427 ἄλλοι

253 456 399 515 οὕτω
436 462 666 511 νοοῦσιν
703 451 932 523 αὐτούς,
973 450 1093 507 ὤστ’
1118 446 1183 507 εὖ
1219 451 1324 508 οἷδ’
1348 451 1434 508 ὅτι
1470 459 1823 523 αἰσχυνθεῖεν
1854 448 1924 507 ὄίν
2000 457 2003 459 ’

254 546 467 609 μᾶλλον
494 538 862 607 ἐξελέγχοντες
880 534 1150 598 τοιούτοις
1178 534 1364 604 λόγοις
1382 533 1514 599 τοὺς
1541 534 1741 599 ἄλλους
1758 530 1796 605 ἢ
1817 532 1922 589 αύ-

252 624 337 677 τοὶ
366 621 780 691 ἐξελεγχόμενοι,
838 620 928 673 καὶ
957 618 1085 673 τόδε
1114 612 1188 672 αὖ
1219 620 1410 690 ἕτερον
1438 617 1735 688 δημοτικόν
1763 639 1815 671 τι
1833 617 1923 671 καὶ

253 709 437 777 πρᾷον
456 706 514 758 ἐν
533 714 645 766 τοῖς
664 701 871 771 λόγοις·
911 697 1123 755 ὁπόταν
1143 706 1282 770 φῆτε
1305 699 1439 770 μήτε
1466 697 1640 755 καλὸν
1660 697 1799 754 εἶναι
1817 720 1923 768 μη-

253 787 347 841 δὲν
366 783 499 856 μήτε
518 781 738 853 ἀγαθὰν
757 789 981 852 πρᾶγμα
1001 781 1134 852 μήτε
1150 780 1353 838 λευκὸν
1373 779 1500 852 μηδ’
1523 780 1658 836 ἄλλο
1677 787 1791 836 τῶν
1807 803 1922 836 τοι-

185 884 222 923 Ε
257 867 440 923 ούτων
461 867 658 937 μηδέν,
688 867 824 934 μηδὲ
844 863 904 917 τὸ
927 863 1188 933 παράπαν
1209 865 1410 931 ἑτέρων
1430 864 1644 931 ἕτερον,
1686 860 1924 932 ἀτεχνῶς

252 949 354 1021 μὲν
373 955 451 1023 τῷ
470 947 591 1003 ὄντι
610 945 941 1016 ξυρράπτετε
961 947 1025 1001 τοὶ
1048 947 1290 1017 στόματα
1309 951 1423 1000 τῶν
1441 943 1781 1013 ἀνθρώπων,
1812 939 1921 998 ὥσ-

252 1051 354 1099 περ
382 1032 472 1085 καὶ
503 1033 667 1099 φατέ·
705 1028 789 1083 ὅτι
818 1026 869 1082 δ’
893 1026 963 1083 οὐ
990 1028 1167 1098 μόνον
1186 1029 1252 1082 τὰ
1281 1034 1394 1082 τῶν
1413 1025 1625 1094 ἄλλων,
1667 1023 1806 1080 ἀλλὰ
1827 1025 1926 1080 δό-

253 1117 396 1179 ξαιτε
415 1107 489 1164 ἂν
504 1110 678 1165 καὶτὰ
697 1107 931 1180 ὑμέτερα
949 1107 1125 1179 αὐτώ,
1166 1116 1329 1163 τοῦτο
1349 1109 1501 1164 πάνυ
1520 1113 1709 1179 χαρίεν
1730 1109 1793 1163 τέ
1809 1109 1919 1162 ἐστι

251 1195 342 1249 καὶ
361 1189 421 1247 τὸ
445 1193 679 1261 ἐπαχθὲς
698 1197 811 1246 τῶν
833 1192 1017 1263 λόγων
1034 1188 1356 1261 ἀφαιρεῖται.
1395 1190 1456 1246 τὸ
1480 1190 1537 1246 δὲ
1558 1191 1623 1262 δὴ
1646 1192 1920 1261 μέγιστον,

253 1275 338 1332 ὅτι
366 1279 538 1329 ταῦτα
570 1272 747 1337 οὕτως
766 1278 873 1344 ἔχει
900 1271 1031 1344 ὑμῖν
1051 1274 1142 1328 καὶ
1160 1279 1416 1342 τεχνικῶς
1435 1271 1741 1342 ἐξεύρηται,
1781 1269 1919 1325 ὥστε

252 1357 403 1412 πάνυ
418 1355 584 1430 ὀλίγῳ
604 1356 784 1427 χρόνῳ
805 1355 1066 1411 ὁντινοῦν
1082 1353 1153 1410 ὅὶν
1168 1363 1372 1425 μαθεῖν
1391 1353 1728 1423 ἀνθρώπων,
1743 1357 1922 1422 ἔγνων

253 1445 423 1509 ἔγωγε
453 1440 544 1493 καὶ
572 1446 649 1511 τῷ
677 1445 980 1512 Κτησίππῳ
1011 1439 1112 1494 τὸν
1142 1446 1283 1494 νοῦν
1321 1440 1632 1508 προσέχων,
1672 1434 1746 1500 ὥς
1781 1432 1918 1505 ταχὺ

136 1538 222 1583 304
250 1520 392 1592 ὑμᾶς
411 1523 470 1575 ἐκ
499 1526 600 1574 τοῦ
621 1528 950 1592 παραχρῆμα
979 1529 1266 1591 μιμεῖσθαι
1298 1517 1412 1584 οἷός
1438 1517 1477 1574 τ’
1501 1513 1587 1590 ἦν.
1638 1525 1800 1573 τοῦτο
1820 1518 1921 1587 μὲν

251 1601 357 1661 οὖν
375 1611 477 1660 τοῦ
497 1603 816 1675 πράγματος
836 1611 999 1679 σφῷν
1020 1603 1157 1673 πρὸς
1175 1605 1277 1675 μὲν
1303 1601 1363 1659 τὸ
1385 1625 1521 1673 ταχυ
1553 1601 1919 1669 παραδιδόναι

248 1687 442 1754 καλόν,
464 1689 717 1742 ἐναντίον
738 1686 789 1742 δ’
810 1684 1131 1756 ἀνθρώπων
1151 1690 1503 1756 διαλέγεσθαι
1521 1683 1624 1740 οὐκ
1648 1684 1913 1755 ἐπιτήδει-
2010 1718 2020 1776 3·

251 1791 347 1836 ov,
385 1765 496 1822 ἀλλ’
521 1766 591 1821 ἄν
627 1765 671 1837 γ’
695 1770 814 1837 ἐμοὶ
852 1774 1153 1838 πείθησθε,
1195 1766 1572 1838 εὐλαβήσεσθε
1602 1764 1675 1835 μὴ
1699 1771 1921 1820 πολλῶν

251 1854 504 1905 ἐναντίον
525 1852 729 1919 λέγειν,
761 1853 852 1904 ἵνα
871 1848 943 1920 μὴ
967 1849 1102 1920 ταχὺ
1122 1849 1462 1920 ἐκμαθόντες
1486 1846 1620 1917 ὑμῖν
1638 1845 1709 1917 μὴ
1735 1851 1918 1903 εἰδῶσι

251 1930 411 2000 χάριν
426 1951 438 1961 ·
475 1928 614 1985 ἀλλὰ
637 1931 869 2000 μάλιστα
885 1932 986 2001 μὲν
1005 1930 1155 1986 αὐτῶ
1174 1931 1311 2000 πρὸς
1327 1928 1545 2001 ἀλλήλω
1564 1928 1716 1999 μόνω
1738 1931 1919 1982 διαλέ-

249 2020 462 2083 γεσθον
475 2054 488 2080 ,
511 2017 561 2067 εἰ
577 2013 635 2068 δὲ
654 2012 729 2083 μή
742 2055 757 2082 ,
790 2021 941 2082 εἴπερ
961 2012 1133 2068 ἄλλον
1150 2034 1251 2067 του
1272 2015 1552 2082 ἐναντίον,
1582 2015 1797 2065 ἐκείνου
1815 2010 1919 2079 μό-

250 2115 386 2163 νου,
425 2092 486 2158 ὃς
513 2090 585 2148 ἂν
605 2092 736 2164 ὑμῖν
755 2098 889 2164 διδῷ
921 2092 1203 2164 ἀργύριον.
1258 2093 1324 2149 τὰ
1344 2091 1483 2148 αὐτὰ
1505 2093 1779 2162 δὲταῦτα,
1820 2090 1919 2146 ε’ἁν

185 2194 215 2234 Β
252 2183 604 2247 σωφρονῆτε,
629 2179 851 2240 καὶτοῖς
869 2185 1139 2248 μαθηταῖς
1162 2175 1627 2249 συμβουλεύσετε,
1649 2178 1917 2245 μηδέποτε

250 2259 444 2329 μηδενὶ
463 2255 783 2327 ἀνθρώπων
803 2260 1180 2329 διαλέγεσθαι,
1203 2254 1364 2329 ἀλλ’ἢ
1384 2255 1516 2328 ὑμῖν
1533 2279 1590 2312 τε
1609 2258 1698 2312 καὶ
1717 2254 1916 2320 αὐτοῖς.

250 2338 310 2394 τό
332 2339 436 2409 γοὶρ
457 2340 719 2409 σπάνιον,
759 2335 803 2395 cc']
819 2339 1152 2412 Εὐθύδημε,
1190 2346 1395 2411 τίμιον·
1431 2338 1491 2395 τὸ
1515 2339 1572 2395 δὲ
1604 2338 1755 2406 ὕδωρ
1777 2338 1916 2393 εὐω-

251 2420 501 2489 νότατον,
526 2420 751 2491 ἄριστον
770 2421 864 2490 ὅν,
887 2421 960 2487 ὥς
980 2427 1086 2494 ἔφη
1105 2427 1399 2491 Πίνδαρος.
1438 2418 1749 2492 ἀλλ’,ἅγετῆ
1769 2413 1841 2491 ἦν
1862 2417 1911 2475 δ’

251 2501 357 2570 ἐγώ
371 2545 384 2571 ,
407 2501 556 2566 ὅπως
576 2502 712 2573 κάμὲ
732 2505 822 2559 καὶ
839 2510 1104 2559 Κλεινίαν
1122 2505 1285 2560 τόνδε
1304 2504 1733 2573 παραδέξεσθον.

390 2590 548 2639 XXX.
630 2591 841 2655 Ταῦτα,
878 2580 922 2640 ὦ
943 2592 1190 2656 Κρίτων,
1230 2587 1320 2640 καὶ
1339 2584 1478 2640 ἄλλα
1507 2585 1710 2653 βραχέα
1734 2585 1914 2636 διαλε-

250 2667 476 2732 χθέντες
497 2665 729 2735 ἀπῇμεν.
784 2667 978 2721 σκόπει
999 2662 1132 2735 οὖν,
1170 2666 1320 2730 ὅπως
1350 2657 1741 2735 συμφοιτήσεις
1769 2663 1914 2731 παρὰ

184 2758 213 2797 C-
250 2744 324 2800 τώ
358 2745 554 2816 ἄνδρε,
595 2745 666 2810 ὡς
696 2749 885 2802 ἐκείνω
906 2749 1084 2817 φατὸν
1105 2752 1201 2802 οἵω
1221 2745 1261 2802 τ’
1285 2747 1422 2801 εἶναι
1445 2745 1654 2809 διδάξαι
1675 2745 1773 2799 τὸν
1793 2748 1914 2800 ἐθέ·

2017 1428 2020 1429 ,
2016 1386 2020 1390 .
2010 1204 2020 1373 ,naam—.-
2016 1159 2020 1185 ,Λ
2007 995 2020 1148 ,mnu-⁸
2015 966 2020 983 ->
2014 937 2020 954 ,-
