1962 3112
112 148 197 193 135
584 173 587 175 -
771 137 1101 186 ΜΕΝΩΝ.
1682 135 1788 188 333

112 275 171 331 δὲ
199 269 558 344 έργαστικούς
574 292 632 326 τε
654 271 747 327 καὶ
765 268 1082 342 ξητητικούς
1107 281 1274 326 ποιεῖ·
1307 263 1354 343 ᾦ
1371 269 1479 342 ἐγώ
1511 271 1787 327 πιστεύων
1817 281 1850 323 E

111 354 317 427 ἀληθεῖ
329 352 469 409 εἶναι
490 355 668 409 ἐθέλω
686 350 824 422 μετὰ
842 357 950 407 σοῦ
966 356 1142 423 ζητεῖν
1160 350 1327 424 ἀρετὴ
1348 350 1383 408 δ’
1396 375 1449 408 τι
1469 357 1631 409 ἔστιν.

251 439 438 491 ΜΕΝ.
478 439 618 504 Ναί,
659 427 704 489 ὦ
722 434 1044 502 Σώκρατες·
1083 432 1223 489 ἀλλὰ
1252 441 1371 500 πῶς
1400 436 1575 506 λέγεις
1602 441 1786 506 τοῦτο,

112 515 197 574 ὅτι
226 515 295 572 οὐ
323 517 720 588 μανθάνομεν,
759 514 899 571 ἄλλα
929 512 1002 586 ἢν
1037 521 1319 586 καλοῦμεν
1350 517 1602 588 μάθησιν
1643 513 1786 573 άνά-

111 603 308 670 μνησίς
325 601 502 663 ἐστιν;
533 602 671 667 ἔχεις
688 618 755 669 με
771 603 935 652 τοῦτο
960 596 1171 662 διδάξαι
1191 595 1266 662 ὥς
1285 596 1462 663 οὕτως
1483 603 1614 669 ἔχεις

256 686 381 737 ΣΩ.
421 683 531 736 Καὶ
547 679 671 748 ἄρτι
690 677 873 747 εἷπον,
913 672 956 734 ὦ
979 678 1214 748 Μένων,
1253 677 1338 735 ὅτι
1365 687 1683 750 πανοῦργος
1713 678 1786 736 εἳ·

112 767 206 822 καὶ
225 769 335 820 νῦν
352 766 561 838 ἐρωτᾷς
580 767 630 819 εἰ
637 766 742 834 ἔχω
757 780 818 818 σε
833 763 1063 834 διδάξαι,
1085 760 1146 826 ὃς
1158 760 1229 817 οὔ
1240 784 1381 833 φημι
1399 761 1630 835 διδαχὴν
1648 762 1788 819 εἶναι
1814 768 1872 812 82

112 843 226 902 ἀλλ’
248 843 591 916 ἀνάμνησιν,
628 848 719 900 ἵνα
750 842 817 915 δὴ
850 842 1025 909 εὐθὺς
1053 849 1336 915 φαίνωμαι
1364 843 1532 910 αὐτὸς
1567 847 1787 918 ἐμαυτῷ

110 927 377 984 τάναντία
396 929 590 998 λέγων.

250 1014 436 1064 ΜΕΝ.
481 1006 568 1064 Οὐ
588 1004 664 1078 μὰ
682 1009 784 1063 τὸν
802 1013 939 1079 Δία,
962 1002 1007 1064 ὦ
1029 1007 1349 1079 Σώκρατες,
1371 1006 1441 1062 οὐ
1458 1006 1599 1077 πρὸς
1620 1014 1786 1065 τοῦτο

109 1094 318 1163 βλέψας
336 1090 523 1162 εἶπον,
563 1087 678 1146 ἀλλ’
700 1087 808 1145 ὑπὸ
830 1096 934 1144 τοῦ
953 1093 1148 1156 ἔθους·
1184 1087 1298 1145 ἀλλ’
1320 1097 1374 1145 εἴ
1396 1089 1513 1154 πώς
1539 1111 1633 1161 μοι
1652 1094 1788 1160 ἔχεις

108 1175 474 1242 ἐνδείξασθαι,
495 1170 581 1227 ὅτι
599 1175 707 1242 ἔχει
726 1170 912 1241 ὥσπερ
936 1175 1136 1242 λέγεις,
1157 1175 1404 1238 ἔνδειξαι.

253 1260 380 1310 ΣΩ.
434 1251 568 1310 Ἀλλ’
589 1257 702 1309 ἔστι
721 1254 823 1323 μὲν
845 1252 916 1308 οὐ
934 1252 1156 1326 ῥᾴδιον,
1197 1252 1347 1325 ὅμως
1375 1251 1433 1308 δὲ
1454 1255 1628 1308 ἐθέλω
1648 1272 1789 1324 προ-

0 1367 3 1377 r
111 1342 443 1407 θυμηθῆναι
461 1341 569 1390 σοῦ
590 1335 794 1390 ἕνεκεν.
839 1333 981 1390 ἀλλά
1001 1357 1095 1406 μοι
1113 1335 1499 1406 προσκάλεσον
1518 1339 1631 1389 τῶν
1651 1342 1789 1390 πολ-

111 1423 227 1474 λῶν
244 1415 582 1473 ἀκολούθων
599 1418 836 1472 τουτωνὶ
855 1424 968 1473 τῶν
987 1425 1199 1473 σαυτοῦ
1218 1419 1343 1490 ἕνα,
1366 1415 1559 1474 ὅντινα
1576 1415 1785 1488 βούλει,
1815 1427 1848 1467 Β

109 1503 200 1556 ίνα
218 1500 280 1555 ἐν
298 1498 476 1572 τούτῳ
498 1515 587 1554 σοι
606 1501 965 1569 ἐπιδείξωμαι.

255 1585 442 1636 ΜΕΝ.
480 1580 647 1635 Πάνυ
664 1602 742 1650 γε.
782 1584 949 1650 δεῦρο
970 1580 1265 1651 πρόσελθε.

253 1666 378 1717 ΣΩ.
424 1660 625 1732 Ἕλλην
642 1665 747 1733 μέν
766 1664 880 1718 ἐστι
901 1663 992 1717 καὶ
1012 1662 1303 1733 ἑλληνίζει;

255 1748 437 1799 ΜΕΝ.
477 1744 643 1798 Πάνυ
661 1765 723 1815 γε
744 1743 964 1815 σφόδρα
977 1783 992 1811 ,
1015 1743 1313 1816 οἰκογενής.

251 1830 374 1880 ΣΩ.
413 1825 662 1896 Πρόσεχε
682 1825 748 1897 δὴ
767 1826 868 1881 τὸν
893 1833 1054 1898 νοῦν,
1074 1823 1289 1897 ὁπότερ’
1308 1824 1382 1881 ἄν
1400 1842 1488 1881 σοι
1508 1830 1786 1898 φαίνηται,

108 1903 148 1978 ἦ
165 1905 722 1979 ἀναμιμνῃσκόμενος
739 1903 776 1978 ἦ
796 1908 1112 1979 μανθάνων
1129 1905 1252 1977 παρ’
1279 1909 1431 1979 ἐμοῦ.

249 1994 438 2045 ΜΕΝ.
492 1987 657 2046 Ἀλλά
678 1991 943 2061 προσέξω.

250 2076 386 2130 xvl.
459 2076 583 2127 ΣΩ.
623 2071 762 2128 Εἰπὲ
782 2071 852 2143 δή
872 2093 991 2143 μοι,
1026 2066 1071 2128 ὦ
1089 2084 1213 2142 παῖ,
1248 2070 1575 2143 γιγνώσκεις
1592 2072 1790 2143 τετρά-

110 2173 298 2224 γωνον
314 2162 519 2223 χωρίον
536 2152 624 2209 ὅτι
641 2154 899 2209 τοιοῦτόν
919 2156 1099 2221 ἐστιν;
1813 2159 1844 2201 G

251 2239 408 2292 ΠΑῙ.
453 2233 675 2306 Ἔγωγε.

253 2320 378 2371 ΣΩ.
420 2314 607 2372 Ἔστιν
635 2310 742 2373 οὖν
769 2317 1120 2389 τετράγωνον
1148 2324 1351 2388 χωρίον
1385 2323 1507 2383 ἴσας
1534 2321 1661 2388 ἕχον
1689 2312 1788 2382 τὰς

24 2389 43 2468 ζ
110 2397 365 2470 γραμμὰς
382 2398 587 2464 ταύτας
605 2398 814 2469 πάσας,
834 2401 1093 2470 τέτταρας
1110 2397 1306 2463 οὕσας;

253 2484 406 2536 ΠΑΙ.
447 2479 613 2535 Πάνυ
631 2502 707 2550 γε.

253 2567 378 2618 ΣΩ.
418 2560 505 2618 Οὐ
524 2564 615 2617 καὶ
644 2563 872 2618 ταυτασὶ
891 2561 986 2628 τὰς
1016 2560 1105 2618 διὰ
1135 2563 1308 2633 μέσον
1325 2563 1474 2618 ἐστὶν
1495 2568 1617 2628 [σας
1634 2566 1789 2634 ἔχον;

251 2649 404 2701 ΠΑῙ.
444 2650 569 2700 Ναί.

48 2759 50 2762 >
253 2734 376 2785 ΣΩ.
418 2726 650 2785 Οὐκοῦν
669 2736 751 2799 εἰη
773 2725 844 2784 ἄν
862 2735 1118 2786 τοιοῦτον
1140 2731 1347 2800 χωρίον
1374 2729 1465 2785 καὶ
1490 2732 1675 2801 μεῖζον
1694 2726 1787 2782 καὶ

46 2815 55 2823 ”
112 2813 364 2875 ἔλαττονς
