1962 3112
311 34 347 42 ε,
809 0 813 3 ’
1191 12 1194 13 ’
1332 14 1336 16 ’
1852 0 1941 45 ἱὲ

170 113 273 165 264
772 118 944 165 ΠΛΑ
964 118 1252 168 ΤΩΝΟΣ
1781 132 1840 178 66

309 255 433 306 ΣΩ.
498 255 567 304 Τί
592 249 650 305 δὲ
681 246 893 320 αὑτῶν,
936 242 980 304 ὦ
1008 251 1211 320 ἑταῖρε;
1246 259 1303 308 τί
1334 261 1462 322 οἴει,
1503 254 1768 327 ἄρχοντας
1804 254 1840 329 ἢ

170 332 538 401 αρχομένους;
852 336 854 339 ’

306 416 477 466 ΚΑΛ.
536 415 666 474 Πῶς
684 413 882 480 λε’γεις;

309 496 432 546 ΣΩ.
475 490 609 545 Ἕνα
639 492 872 547 ἕκαστον
903 495 1043 562 λέγω
1076 493 1248 550 αὐτὸν
1279 498 1479 553 ἑαυτοῦ
1501 496 1765 571 ἄρχοντα·
1803 498 1841 573 ἢ
1939 498 1950 605 ξ

170 579 334 628 τοῦτο
354 571 455 643 μὲν
476 571 642 628 οὐδὲν
663 577 759 642 δεῖ,
778 572 951 630 αὐτὸν
971 576 1174 630 ἑαυτοῦ
1193 576 1399 651 ἄρχειν,
1419 585 1532 635 τῶν
1551 581 1609 637 δὲ
1628 582 1838 648 ἄλλωνς

303 659 476 709 ΚΑΛ.
531 659 662 720 Πῶς
682 657 884 710 ἑαυτοῦ
905 654 1144 727 ἄρχοντα
1162 660 1359 729 λέγεις;

306 742 432 792 Σῼ.
500 734 682 792 Οὐδὲν
711 744 989 808 ποικίλον,
1029 737 1149 795 ἀλλ’
1187 739 1369 812 ὥσπερ
1396 746 1453 798 οἰ
1468 749 1687 815 πολλοί,
1727 745 1840 800 σῶ-

166 840 350 888 φρονα
375 816 405 872 ὅ
415 839 510 873 ντα
527 819 618 874 καὶ
638 820 873 890 ἐγκρατῆ
894 818 1068 876 αὐτὸν
1089 822 1317 893 ἑαυτοῦ,
1356 830 1469 879 τῶν
1494 821 1718 895 ἡδονῶν
1747 828 1838 882 καὶ

100 909 133 951 E
165 901 480 970 ἐπιθυμιῶν
501 899 739 971 ἄρχοντα
757 907 869 956 τῶν
889 904 948 957 ἐν
968 903 1163 975 ἑαυτῷ.

303 988 475 1038 ΚΑΛ.
526 981 617 1047 Ὡς
645 980 785 1052 ἡδύς
815 981 884 1038 εἷ·
924 982 1053 1049 τοὺς
1080 983 1336 1056 ἠλιθίους
1365 989 1535 1056 λέγεις
1562 986 1692 1052 τούς
1727 988 1838 1044 σῶ-

163 1085 389 1133 φρονας.

303 1153 425 1202 ΣΩ.
482 1153 612 1212 Πῶς
641 1147 777 1218 γάρ;
818 1146 1000 1213 οὐδεὶς
1029 1148 1177 1214 ὅστις
1207 1147 1309 1204 ούκ
1338 1146 1408 1205 ἀν
1434 1156 1620 1222 γνοίη,
1659 1150 1743 1208 ὅτι
1770 1151 1839 1207 οὐ

162 1236 324 1286 τοῦτο
346 1233 500 1300 λέγω.

305 1320 477 1369 ΚΑΛ.
536 1311 701 1367 Πάνυ
720 1334 781 1381 γε
802 1313 1048 1383 σφόδρα,
1090 1307 1133 1368 ὦ
1157 1313 1457 1384 Σώκρατες.
1491 1316 1606 1371 ἐπεὶ
1625 1321 1742 1380 πῶς
1766 1312 1837 1371 ἀν

166 1395 447 1467 εὐδαίμων
483 1397 695 1465 γε’νοιτο
734 1394 1035 1465 ἅνθρωπος
1076 1397 1360 1452 δουλεύων
1398 1395 1641 1470 ὁτῳοῦνς
1698 1397 1836 1455 ἀλλά

163 1474 306 1532 τοῦτ’
329 1477 439 1531 ἐστὶ
456 1474 516 1531 τὸ
540 1475 677 1531 κατὰ
701 1476 871 1546 φύσιν
891 1475 1063 1533 καλὸν
1081 1480 1172 1534 καὶ
1192 1482 1424 1549 δίκαιον,
1446 1477 1477 1536 ὃ
1495 1481 1601 1549 ἐγώ
1622 1499 1709 1535 σοι
1728 1487 1829 1535 νῦν

164 1558 670 1630 παρρησιαζόμενος
684 1559 841 1628 λέγω,
864 1556 946 1613 ὅτι
965 1562 1046 1613 δεῖ
1062 1556 1162 1613 τὸν
1177 1557 1363 1629 ὀρθῶς
1377 1561 1724 1631 βιωσόμενον
1742 1562 1837 1627 τὰς

162 1641 262 1711 μὲν
290 1645 585 1711 ἐπιθυμίας
613 1637 710 1704 τὰς
741 1641 940 1694 ἑαυτοῦ
968 1642 1068 1711 ἐρῖν
1100 1637 1172 1705 ῶς
1201 1645 1456 1711 μεγίστας
1486 1640 1625 1697 εἶναι
1654 1641 1835 1713 καὶμὴ

49 1742 134 1786 492
164 1725 439 1793 κολάζειν,
479 1724 701 1787 ταύταις
733 1723 793 1779 δὲ
823 1721 896 1787 ῶς
934 1730 1209 1794 μεγίσταις
1243 1722 1435 1789 οὔσαις
1467 1723 1662 1780 ἰκανὸν
1699 1724 1836 1780 εἶναι

162 1807 456 1880 ὑπηρετεῖν
476 1807 550 1862 δι’
575 1805 836 1877 ἀνδρείαν
856 1808 945 1862 καὶ
967 1808 1270 1878 φρόνησιν,
1311 1810 1402 1864 καὶ
1421 1807 1838 1879 ἀποπιμπλάναι

164 1884 243 1946 ῶν
264 1888 336 1946 ἀν
353 1888 437 1945 ἀεὶ
466 1887 499 1960 ἡ
531 1891 794 1960 ἐπιθυμία
824 1895 1088 1960 γίγνηται.
1126 1888 1263 1944 ἀλλά
1298 1888 1470 1960 τοῦτ’,
1510 1889 1685 1960 οἶμαι,
1725 1902 1834 1955 τοῖς

165 1979 389 2035 πολλοῖς
408 1969 477 2026 ού
498 1972 767 2027 δυνατόν·
791 1971 931 2027 ὅθεν
951 1975 1180 2041 ψέγουσι
1198 1969 1329 2035 τούς
1346 1971 1632 2036 τοιούτους
1653 1970 1725 2026 δι’
1750 1977 1836 2027 αί-

163 2054 375 2125 σχύνην
389 2096 404 2123 ,
438 2051 919 2125 ἀποκρυπτόμενοι
937 2053 1040 2124 τὴν
1060 2052 1248 2108 αὑτῶν
1265 2052 1603 2124 ἀδυναμίαν,
1641 2054 1730 2109 καὶ
1750 2058 1838 2108 αἰ·-

165 2135 334 2205 σχρὸν
355 2134 424 2205 δή
447 2152 620 2205 φασιν
641 2134 778 2190 εἶναι
797 2132 900 2206 τὴν
932 2132 1261 2205 ἀκολασίαν,
1301 2134 1438 2203 ὅπερ
1467 2136 1529 2189 ἐν
1557 2146 1666 2198 τοῖς
1696 2134 1835 2202 πρό-

163 2224 303 2271 σθεν
335 2214 439 2286 ἐγώ
473 2221 692 2288 ἔλεγον,
735 2217 1100 2287 δουλούμενοι
1129 2215 1258 2280 τοὺς
1278 2222 1524 2287 βελτίους
1541 2216 1642 2286 τὴν
1662 2216 1838 2285 φύσιν
1879 2217 1885 2222 ’

162 2298 530 2371 ἀνθρώπους,
566 2301 658 2356 καὶ
694 2299 851 2357 αὐτοὶ
880 2299 948 2356 οὐ
980 2299 1280 2371 δυνάμενοι
1310 2302 1690 2367 ἐκπορίζεσθαι
1720 2309 1837 2361 ταῖς

106 2403 136 2446 B
166 2379 393 2452 ἡδοναῖς
424 2381 709 2452 πλήρωσιν
739 2384 1028 2437 ἐπαινοῦσι
1057 2379 1160 2451 τὴν
1195 2379 1571 2451 σωφροσύνην
1606 2381 1696 2434 καὶ
1731 2377 1835 2447 τὴν

166 2461 527 2533 δικαιοσύνην
562 2461 650 2518 διὰ
687 2462 790 2534 την
827 2461 1014 2518 αὐτῶν
1050 2462 1370 2531 ἀνανδρίαν.
1419 2464 1538 2516 ἐπεί
1569 2482 1630 2529 γε
1667 2456 1746 2524 οἷς
1781 2463 1834 2526 ἐξ

163 2542 329 2614 ἀρχῆς
348 2541 591 2614 ὑπῆρξεν
609 2540 644 2615 ἦ
663 2546 934 2616 βασιλέων
954 2547 1131 2599 υἱέσιν
1150 2542 1287 2598 εἶναι
1306 2538 1341 2612 ἦ
1361 2539 1564 2605 αὐτούς
1582 2546 1648 2612 τῇ
1670 2539 1835 2609 φύσει

164 2621 392 2687 ἱκανοὺς
422 2626 822 2692 ἐκπορίσασθαι
851 2623 1027 2696 ἀρχήν
1058 2647 1180 2679 τινα
1210 2621 1246 2695 ἢ
1274 2626 1578 2694 τυραννίδα
1607 2618 1836 2692 ἦδυνα-

165 2710 367 2775 στείαν,
390 2711 446 2760 τί
459 2712 523 2778 τῇ
546 2704 781 2780 ἀληθείᾳ
803 2716 1016 2777 αἴσχιον
1037 2708 1128 2762 καὶ
1146 2707 1342 2762 κάκιον
1363 2714 1443 2775 εἰη
1465 2705 1834 2775 σωφροσύνης

163 2783 380 2851 τούτοις
397 2798 511 2852 τοῖς
529 2785 872 2858 ἀνθρώποις·
906 2785 987 2854 οἷς
1009 2786 1128 2854 ἐξὸν
1148 2785 1450 2843 ἀπολαύειν
1470 2793 1581 2841 τῶν
1602 2787 1832 2857 ἀγαθῶν
