1962 3112
199 129 304 182 348
816 126 1287 208 ΠΛΑΤΩΝΟξ
1790 131 1875 175 150

344 269 469 319 ΣΩ.
529 261 759 319 Οὐκοῦν
782 262 874 316 καὶ
904 261 1027 329 περὶ
1059 257 1340 328 αὐλήσεως
1364 261 1585 316 καὶτῶν
1605 257 1789 314 ἄλλων
1807 257 1872 312 τὰ

141 354 172 394 Ε
206 343 346 400 αὐτοὶ
366 350 566 410 ταῦτα;
588 340 762 413 πολλὴ
784 341 947 397 ἄνοιά
968 343 1080 396 ἐστι
1094 342 1470 412 βουλομένους
1489 337 1734 410 αύλητήν
1751 361 1872 393 τινα

116 1176 167 1220 91

202 433 426 498 ποιῆσαι
447 425 595 494 παρὰ
616 425 718 495 μὲν
732 423 862 488 τοὺς
883 421 1360 493 ὑπισχνουμένους
1377 424 1618 488 διδάξειν
1651 421 1752 493 τὴν
1784 425 1873 477 τέ-

199 530 339 579 χνην
359 509 449 563 καὶ
460 505 672 578 μισθὸν
683 507 1091 577 πραττομένους
1102 505 1175 576 μὴ
1196 507 1412 561 ἐθέλειν
1424 508 1672 575 πέμπειν,
1687 503 1871 567 ἄλλοις

203 595 265 646 δέ
282 607 390 646 τισι
414 591 708 662 πράγματα
739 591 1023 659 παρέχειν,
1073 592 1336 658 ζητοῦντα
1365 586 1679 659 μανθάνειν
1722 585 1868 684 παρὰ

202 673 445 742 τούτων,
485 678 541 727 οἳ
564 671 699 743 μήτε
736 677 1175 740 προσποιοῦνται
1218 670 1541 725 διδάσκαλοι
1574 668 1714 724 εἶναι
1749 665 1863 738 μήτ

200 760 350 810 ἔστιν
376 753 564 809 αὐτων
592 752 843 823 μαθητὴς
873 754 1059 823 μηδεὶς
1086 752 1288 807 τούτου
1316 757 1416 807 τοῦ
1447 747 1872 823 μαθήματος,οὸ

199 835 353 907 ἡμεῖς
381 834 643 904 ἀξιοῦμεν
672 834 983 905 μανθάνειν
1003 831 1129 904 παρ’
1150 831 1337 888 αὐτῶν
1366 829 1434 888 ὃν
1463 829 1534 888 ἀν
1554 833 1865 903 πέμπωμεν

201 915 270 973 οὐ
287 917 461 987 πολλή
483 932 570 971 σοι
591 920 742 971 δοκεῖ
757 913 952 985 άλογία
974 914 1136 977 εἷναι;

343 1005 463 1053 ΑΝ.
503 1000 614 1052 Ναὶ
634 996 710 1067 μά
728 1003 839 1053 Δία
861 1001 1069 1067 ἔμοιγε,
1099 997 1190 1051 καὶ
1211 994 1424 1066 άμαθία
1443 1017 1504 1065 γε
1524 996 1677 1065 πρός.
1842 1054 1845 1057 ,

339 1085 566 1136 XXVIII.
639 1084 764 1133 252.
814 1083 1011 1141 Καλῶς
1041 1079 1228 1146 λέγεις.
1273 1083 1382 1132 νῦν
1403 1083 1595 1132 τοίνυν
1621 1080 1795 1142 ἔξεστί
1807 1094 1868 1132 σε

200 1160 308 1233 μετ’
330 1165 468 1232 ἐμοῦ
489 1168 650 1233 κοινῇ
668 1160 1046 1260 βουλεύεσθαι
1067 1161 1189 1228 περὶ
1208 1165 1309 1213 τοῦ
1328 1161 1486 1224 ξένου
1509 1162 1733 1214 τουτονι
1730 1164 1870 1214 Μέ-

198 1265 392 1308 νωνος.
429 1237 591 1308 οὗτος
609 1243 733 1313 γάρ,
749 1245 790 1298 ὦ
798 1241 1012 1310 Ἄνυτε,
1035 1240 1205 1295 πάλαι
1223 1243 1365 1310 λέγει
1383 1240 1521 1310 πρός
1540 1262 1623 1310 με,
1646 1239 1731 1294 ὅτι
1750 1243 1870 1294 ἐπι-

198 1333 375 1395 θυμεῖ
389 1325 590 1396 ταύτης
607 1331 702 1396 τῆς
733 1329 930 1392 σοφίας
952 1324 1043 1377 καὶ
1063 1320 1286 1393 ἀρετῆς,
1324 1324 1359 1393 ῄ
1381 1325 1436 1377 οι
1462 1321 1755 1391 ἄνθρωποι
1774 1321 1868 1386 τάς

197 1429 255 1463 τε
276 1412 449 1472 οἰκίας
469 1408 560 1462 καὶ
577 1429 672 1470 τας
692 1406 876 1469 πόλεις
895 1410 1073 1467 καλῶς
1094 1407 1390 1471 διοικοῦσι,
1413 1404 1504 1458 καὶ
1524 1423 1654 1466 τους
1672 1406 1867 1471 γονέας

197 1487 330 1555 τούς
349 1489 536 1544 αὐτῶν
553 1487 961 1557 θεραπεύουσι,
991 1488 1082 1541 καὶ
1103 1491 1325 1549 πολίτας
1344 1486 1434 1540 καὶ
1454 1488 1643 1549 ξένους
1663 1480 1867 1538 ὑποδέ-

201 1578 410 1639 ξασθαί
434 1594 491 1627 τε
521 1574 612 1626 καὶ
630 1569 948 1641 ἀποπέμψαι
977 1572 1289 1624 ἐπίστανται
1317 1565 1477 1632 ἀξίως
1498 1563 1705 1634 άνδρὸς
1730 1563 1864 1634 ἀγα-

196 1662 328 1710 θοῦ.
376 1653 585 1724 ταύτην
608 1646 714 1708 οὖν
732 1650 833 1723 τὴν
854 1648 1056 1722 ἀρετὴν
1075 1651 1270 1705 σκόπει
1299 1647 1446 1717 παρὰ
1467 1654 1619 1713 τίνας
1639 1643 1710 1702 ἂν
1729 1649 1846 1718 πέμ·

198 1755 393 1802 ποντες
431 1732 605 1789 αὐτὸν
642 1731 829 1802 ὀρθῶς
863 1735 1183 1802 πέμποιμεν.
1237 1727 1274 1801 ἦ
1314 1734 1486 1801 δῆλον
1515 1727 1581 1799 δὴ
1604 1727 1737 1783 κατὰ
1768 1727 1865 1783 τὸν

198 1815 321 1886 ἄρτι
340 1816 510 1884 λόγον
523 1857 537 1883 ,
559 1813 643 1869 ὅτι
662 1814 808 1883 παρά
833 1813 1063 1878 τούτους
1084 1811 1213 1877 τοὺς
1242 1811 1717 1882 ὑπισχνουμένους
1737 1809 1862 1880 άρε-

197 1904 292 1966 τῆς
327 1895 694 1960 διδασκάλους
722 1894 862 1950 εἶναι
881 1897 971 1950 καὶ
1001 1893 1399 1965 ἀποφήναντας
1417 1889 1622 1956 αὐτοὺς
1641 1889 1864 1955 κοινοὺς

197 1986 310 2034 τῶν
322 1975 604 2050 Ἑλλήνων
623 1984 702 2051 τῷ
718 1981 1041 2049 βουλομένῳ
1063 1977 1403 2047 μανθάνειν,
1435 1972 1643 2045 μισθὸν
1660 1974 1864 2028 τούτου

197 2062 532 2131 ταξαμένους
549 2080 607 2114 τε
627 2061 717 2114 καὶ
738 2062 1172 2130 πραττομένους;

337 2149 460 2198 ΑΝ.
499 2144 606 2197 Καὶ
626 2147 776 2207 τίνας
796 2146 968 2212 λέγεις
986 2142 1246 2209 τούτους,
1271 2134 1317 2195 c3⁸
1333 2138 1656 2210 Σώκρατεςς

336 2230 460 2280 ΣΩ
516 2222 699 2278 Οἶσθα
721 2224 900 2294 δήπου
930 2227 1019 2278 καὶ
1040 2223 1137 2293 σύ,
1176 2221 1260 2277 ὅτι
1290 2214 1447 2277 οὗτοί
1476 2225 1612 2275 εἰσιν
1643 2224 1793 2284 οἴους
1814 2222 1867 2274 οἱ

197 2305 490 2378 ἅνθρωποι
510 2311 742 2380 καλοῦσι
762 2305 1042 2375 σοφιστάς.

334 2392 455 2442 AN.
502 2384 813 2456 Ἡράκλεις,
836 2383 1096 2456 εὐφήμει,
1123 2387 1164 2438 ὠ
1186 2383 1492 2453 Σώκρατες.
1526 2385 1731 2453 μηδένα
1751 2386 1863 2435 τῶν

195 2475 482 2538 συγγενῶν
500 2467 636 2538 μηδε
657 2471 878 2522 οἰκείων
892 2466 1028 2536 μηδε
1048 2470 1254 2535 φίλων,
1281 2465 1414 2535 μήτε
1434 2460 1604 2518 άστὸν
1622 2462 1754 2533 μήτε
1775 2465 1862 2526 ξέ-

195 2571 322 2620 νον,
346 2549 569 2620 τοιαύτη
601 2553 769 2619 μανία
799 2548 979 2619 λάβοι,
1012 2546 1150 2602 ὥστε
1187 2544 1337 2617 παρὰ
1364 2545 1594 2608 τούτους
1620 2543 1859 2598 ἐλθόντα

193 2636 545 2701 λωβηθῆναι,
586 2632 701 2685 ἐπεὶ
730 2623 890 2684 ουτοί
916 2650 978 2698 γε
998 2628 1213 2699 φανερά
1243 2631 1354 2682 ἐστι
1383 2626 1532 2696 λώβη
1551 2645 1608 2679 τε
1627 2625 1716 2678 καὶ
1739 2627 1858 2678 δια-

194 2709 382 2781 φθορα
406 2732 518 2765 των
540 2710 1007 2778 συγγιγνομένων.

331 2796 511 2847 XXIX.
587 2796 711 2846 ΣΩ.
780 2795 911 2854 Πῶς
948 2794 1147 2860 λέγεις,
1196 2810 1239 2844 ω
1261 2787 1490 2854 Ἄνυτε,
1557 2779 1709 2840 ουτοι
1750 2785 1856 2855 άρα
