2020 3094
125 167 177 208 21
691 152 1235 202 ΕΥΘΤΔΗΜΟΣ.
1707 147 1811 201 109

128 290 233 349 οὐκ
251 294 402 347 ἔστιν
415 286 755 361 ἁμαρτάνειν
771 286 978 343 τούτου
994 282 1027 342 ὃ
1045 285 1271 357 πράττει
1284 307 1295 317 ·
1318 283 1420 355 οὐχ
1437 282 1584 339 οὕτω
1601 286 1809 355 λέγετε;

124 373 288 430 Πάνυ
305 370 382 443 γ’,
421 376 543 443 ἔφη.
599 370 779 427 Τοῦτό
803 371 951 425 ἐστιν
973 367 1106 441 ἤδη,
1126 363 1199 442 ἦν
1218 366 1272 424 δ’
1298 366 1433 439 ἐγώ,
1454 365 1515 423 τὸ
1538 364 1810 438 φορτικὸν

126 456 396 527 ἐρώτημα.
438 459 489 511 εί
510 453 618 526 γὰρ
649 451 722 525 μὴ
756 449 1149 523 ἁμαρτάνομεν
1165 451 1301 523 μήτε
1321 451 1654 522 πράττοντες
1674 449 1811 521 μήτε

125 540 380 609 λέγοντες
398 537 535 610 μήτε
552 533 957 605 διανοούμενοι,
978 531 1149 605 ὑμεῖς,
1169 527 1214 590 ὦ
1233 531 1371 604 πρὸς
1388 533 1546 606 Διός,
1566 538 1619 590 εἰ
1636 539 1811 589 ταῦτα

126 619 306 686 οὕτως
342 624 475 692 ἔχει,
512 623 661 683 τίνος
697 615 1018 673 διδάσκαλοι
1051 615 1239 689 ἥκετε;
1278 613 1316 689 ἦ
1351 615 1454 673 οὐκ
1487 615 1611 687 ἄρτι
1643 619 1811 687 ἔφατε

128 702 334 774 άρετὴν
361 698 611 758 κάλλιστ’
644 696 717 755 ἂν
745 702 1098 768 παραδοῦναι
1118 697 1444 770 ἀνθρώπων
1462 705 1542 773 τῷ
1560 701 1812 755 ἐθέλοντι
1842 711 1877 752 Β

128 784 473 856 μανθάνειν;

271 873 406 924 XVI.
469 864 600 935 Εἶτ’,
621 870 745 936 ἔφη,
770 858 814 920 ὦ
831 863 1143 934 Σώκρατες,
1164 861 1194 920 ὁ
1214 862 1647 935 Διονυσόδωρος
1667 863 1812 921 ὑπο-

128 950 344 1023 λαβών,
375 949 553 1015 οὕτως
569 947 621 1005 εἷ
631 947 879 1020 Κρόνος,
914 946 1055 1003 ὥστε
1073 944 1110 1003 ἃ
1126 946 1188 1003 τὸ
1210 954 1434 1019 πρῶτον
1455 955 1682 1020 εἴπομεν
1703 954 1813 1004 νῦν

126 1033 534 1106 ἀναμιμνήσκει
546 1076 561 1103 ,
593 1033 684 1089 καὶ
707 1039 762 1089 εἴ
771 1054 824 1088 τι
842 1034 1076 1101 πέρυσιν
1097 1029 1254 1087 εἷπον
1266 1073 1280 1100 ,
1312 1037 1423 1087 νῦν
1441 1029 1811 1104 ἀναμνησθή-

128 1136 240 1189 σει,
276 1128 391 1183 τοῖς
420 1114 473 1172 δ’
504 1118 569 1173 ἐν
594 1122 673 1190 τῷ
692 1114 927 1184 παρόντι
945 1116 1262 1186 λεγομένοις
1279 1111 1383 1185 οὐχ
1401 1115 1536 1180 ἕξεις
1555 1112 1588 1171 ὅ
1606 1137 1659 1170 τι
1675 1122 1782 1188 χρῇ
1794 1139 1810 1182 ;

133 1203 237 1257 Καὶ
264 1200 403 1271 γάρ,
440 1204 582 1271 ἔφην
610 1197 745 1270 ἐγώ,
779 1202 1010 1268 χαλεποί
1035 1201 1140 1252 εἰσι
1157 1196 1335 1267 πάνυ,
1373 1197 1624 1263 είκότως’
1662 1196 1811 1268 παρὰ

130 1289 326 1355 σοφῶν
353 1281 460 1355 γὰρ
493 1286 770 1353 λέγονται·
811 1282 927 1336 ἐπεὶ
947 1279 1040 1335 καὶ
1058 1278 1237 1352 τούτῳ
1256 1285 1337 1353 τῷ
1355 1285 1648 1356 τελευταίῳ
1669 1301 1818 1352 παγ-

129 1366 375 1438 χάλεπον
388 1365 710 1438 χρήσασθαί
723 1366 901 1431 ἐστιν,
941 1356 989 1437 ᾦ
1019 1364 1208 1434 λέγεις.
1245 1359 1306 1418 τὸ
1332 1362 1440 1434 γάρ
1462 1361 1567 1420 οὐκ
1587 1367 1690 1435 ἔχω
1710 1363 1743 1421 ὅ
1762 1387 1815 1420 τι

129 1457 344 1522 χρῶμαι
365 1454 419 1505 τί
433 1469 564 1505 ποτε
583 1450 782 1519 λέγεις,
822 1440 868 1502 m‘
887 1445 1316 1518 Διονυσόδωρε;
1353 1442 1393 1519 ἦ
1422 1450 1594 1519 δῆλον
1624 1444 1710 1503 ὅτι
1742 1445 1815 1514 ὥς

131 1530 236 1588 οὐκ
272 1536 376 1603 ἔχω
416 1532 686 1603 ἐξελέγξαι
723 1528 928 1597 αὐτόν,
974 1531 1090 1586 ἐπεὶ
1126 1531 1269 1600 εἰπέ,
1305 1534 1363 1586 τί
1396 1545 1486 1586 σοι
1525 1529 1662 1586 ἄλλο
1695 1541 1819 1586 νοεῖ
1844 1542 1877 1586 C

130 1622 296 1671 τοῦτο
331 1611 394 1671 τὸ
429 1617 605 1687 ῥῆμα,
643 1612 706 1670 τὸ
746 1611 852 1669 οὐκ
888 1618 993 1684 ἔχω
1029 1611 1063 1668 ὅ
1090 1635 1142 1668 τι
1171 1611 1443 1685 χρήσομαι
1470 1624 1584 1678 τοῖς
1602 1612 1814 1683 λόγοις,

126 1696 269 1754 Ἀλλ’
292 1695 324 1754 ὃ
343 1696 414 1753 σύ
438 1700 629 1768 λέγεις,
653 1701 758 1768 ἔφη
773 1738 788 1765 ,
811 1695 991 1770 τούτῳ
1010 1718 1096 1752 τοι
1111 1696 1264 1752 πάνυ
1281 1693 1527 1768 χαλεπὸν
1543 1703 1788 1768 χρῆσθαι
1802 1719 1813 1730 ·

130 1783 247 1838 ἐπεὶ
274 1778 587 1850 ἀπόκριναι.
658 1782 802 1849 Πρὶν
836 1779 897 1836 σὲ
926 1777 1365 1851 ἀποκρίνασθαι,
1406 1774 1479 1852 ἦν
1507 1778 1562 1835 δ’
1596 1780 1733 1851 ἐγώ,
1773 1774 1820 1837 ὦ

130 1863 555 1935 Διονυσόδωρες
596 1862 718 1920 Οὐκ
736 1860 1048 1932 άποκρίνει;
1064 1867 1188 1935 ἔφη.
1234 1857 1306 1919 Ἠ
1320 1866 1411 1920 καὶ
1433 1868 1674 1930 δίκαιον;
1710 1869 1818 1923 Δί-

131 1970 293 2005 καιον
311 1949 515 2020 μέντοι,
537 1951 659 2018 ἔφη.
699 1944 857 2001 Kato}
877 1951 1000 2002 τίνα
1019 1946 1219 2018 λόγον,
1240 1939 1314 2018 ἦν
1333 1943 1384 2002 δ’
1410 1947 1518 2018 ἐγώ
1534 1968 1545 1979 ·
1576 1943 1614 2019 ἦ
1646 1950 1817 2019 δῆλον

133 2030 219 2088 ὅτι
247 2028 387 2087 κατὰ
411 2030 605 2099 τόνδε,
644 2027 731 2085 ὅτι
761 2026 833 2083 σύ
867 2034 978 2084 νῦν
1013 2028 1306 2100 πάνσοφός
1340 2052 1422 2095 τις
1454 2027 1587 2101 ἡμῖν
1625 2028 1818 2101 ἀφῖξαι

134 2115 259 2185 περὶ
277 2114 506 2186 λόγους,
546 2113 638 2169 καὶ
656 2110 811 2169 οἶσθ’
832 2110 924 2168 ὅτε
946 2116 1028 2169 δεῖ
1055 2111 1470 2185 ἀποκρίνασθαι
1487 2116 1579 2171 καὶ
1598 2111 1691 2170 ὅτε
1710 2114 1816 2186 μή;
1847 2122 1885 2164 D

134 2198 225 2253 καὶ
243 2202 354 2252 νῦν
373 2193 497 2252 οὐδ’
519 2191 592 2251 ἂν
609 2193 802 2251 ὁτιοῦν
830 2193 1118 2267 ἀποκρίνει
1130 2238 1146 2267 ,
1184 2195 1278 2252 ἅτε
1296 2196 1624 2267 γιγνώσκων
1643 2196 1729 2254 ὅτι
1748 2195 1818 2253 οὐ

133 2283 243 2347 δεῖς
263 2285 478 2349 Λαλετς,
500 2283 623 2349 ἔφη,
644 2276 922 2350 ἀμελήσας
941 2276 1380 2347 ἀποκρίνασθαι·
1403 2277 1549 2351 ἀλλ’,
1575 2273 1620 2337 (ὅ
1633 2277 1815 2351 ’γαθέ,

133 2369 338 2419 πείθου
374 2363 467 2418 καὶ
502 2360 837 2433 ἀποκρίνου,
874 2362 1060 2433 ἐπειδὴ
1099 2363 1188 2418 καὶ
1224 2359 1507 2434 ὁμολογεῖς
1535 2384 1602 2434 με
1635 2361 1818 2434 σοφὸν

133 2443 288 2501 εἶναι.
325 2445 595 2500 Πειστέον
613 2451 831 2511 τοίνυν,
853 2437 925 2516 ἦν
946 2444 999 2501 δ’
1019 2446 1155 2518 ἐγώ,
1178 2448 1268 2503 καὶ
1288 2444 1524 2519 ἀνάγκη,
1548 2444 1623 2513 ὥς
1641 2451 1787 2504 ἔοικε
1804 2468 1815 2479 ·

134 2525 206 2583 σύ
225 2524 332 2597 γάρ
352 2526 559 2597 ἄρχεις·
599 2525 724 2583 ἀλλ’
758 2528 951 2598 ἐρώτα.
1021 2531 1274 2600 Πότερον
1294 2523 1402 2587 οὖν
1421 2528 1605 2603 ψυχὴν
1624 2534 1818 2602 ἔχοντα

133 2622 257 2667 νοεῖ
285 2611 352 2666 τὰ
390 2617 633 2667 νοοῦντα
648 2655 662 2681 ,
699 2607 736 2682 ἢ
770 2613 860 2668 καὶ
894 2611 961 2667 τὰ
997 2611 1209 2684 ἄψυχα,
1262 2613 1343 2669 Τὰ
1382 2611 1570 2685 ψυχὴν
1605 2618 1815 2684 ἔχοντα.

138 2691 322 2750 Οἶσθα
342 2687 446 2751 οὖν
465 2717 533 2763 τι,
554 2699 678 2766 ἔφη,
701 2697 848 2766 ῥῆμα
867 2695 1052 2766 ψυχὴν
1070 2699 1225 2766 ἔχον,
1256 2696 1358 2751 Μὰ
1380 2694 1481 2752 Δί’
1504 2694 1608 2752 οὐκ
1630 2701 1815 2768 ἔγωγε.

141 2782 209 2831 Τι’
224 2770 329 2832 οὖν
348 2775 472 2846 ἄρτι
492 2776 663 2848 ἤρου,
703 2775 737 2834 ὅ
756 2783 811 2834 τί
823 2800 916 2849 μοι
934 2791 1061 2835 νοοῖ
1072 2778 1134 2835 τὸ
1154 2781 1330 2851 ρῆμας
1375 2785 1445 2835 Τί
1457 2777 1592 2836 ἄλλο
1615 2801 1677 2850 γε
1691 2822 1705 2850 ,
1748 2772 1819 2850 ἦν
1852 2791 1883 2832 Ε

137 2858 187 2914 δ’
212 2860 347 2929 ἐγώ,
379 2856 416 2930 ἢ
438 2861 741 2932 ἐξήμαρτον
765 2860 853 2917 διὰ
874 2861 976 2928 τήν
993 2867 1288 2931 βλακείαν,
1306 2857 1343 2933 ἢ
1372 2859 1476 2917 οὐκ
1499 2859 1819 2932 ἐξήμαρτον,
