1962 3112
123 130 207 172 ω
785 121 1035 171 ΜΕΝΩ
1047 123 1114 172 Ν.
1277 90 1284 98 ’
1694 119 1798 171 323

119 262 294 326 πειρῶ
320 259 520 324 εἰπεῖν,
557 259 649 310 ἳνα
678 257 770 310 καὶ
797 258 1023 325 γένηταί
1046 271 1133 310 σοι
1163 257 1358 326 μελέτη
1386 253 1524 322 πρὸς
1552 253 1652 324 τὴν
1671 255 1793 325 περὶ

120 344 215 407 τῆς
233 335 428 407 α’ρετῆς
453 334 762 404 ἀπόκρισιν.

261 424 446 473 ΜΕΝ.
503 420 632 489 Μή,
656 416 796 473 ἀλλὰ
817 416 918 486 σύ,
941 410 987 471 ὦ
1004 418 1327 487 Σώκρατες,
1348 419 1477 474 εἰπέ.
1818 423 1854 466 Ε

259 506 384 556 ΣΩ.
438 500 638 556 Βούλει
657 516 745 555 σοι
763 505 1067 569 χαρίσωμαι
1079 522 1093 565 ;

260 587 445 636 ΜΕΝ.
499 581 665 635 Πάνυ
683 602 760 649 γε.

260 668 383 718 Σῼ.
444 660 753 733 Ἐθελήσεις
790 655 896 717 οὖν
934 663 1024 717 καὶ
1062 659 1134 717 σύ
1170 665 1288 732 ἐμοὶ
1327 667 1500 718 εἰπεῖν
1535 665 1655 732 περὶ
1695 670 1791 734 τῆς

121 741 344 815 ἄρετῆς;

257 831 445 880 ΜΕΝ.
485 823 710 894 ’‘Eycoye.

257 911 380 961 ΣΩ.
436 907 844 976 Προθυμητέον
862 910 1081 961 τοίνυν·
1112 906 1270 972 ἄξιον
1285 907 1407 978 γάρ.

255 994 440 1044 ΜΕΝ.
494 987 658 1042 Πάνυ
675 1010 776 1057 μεν
796 981 916 1042 οὖν.

254 1075 377 1125 ΣΩ.
436 1072 576 1136 Φέρε
601 1069 669 1140 δή
683 1111 697 1138 ,
719 1069 1042 1140 πειρώμεθά
1064 1086 1150 1125 σοι
1169 1076 1369 1142 εἰπεῖν,
1388 1076 1446 1127 τί
1458 1074 1571 1127 ἐστι
1590 1079 1785 1144 σχῆμα.

114 1151 306 1207 σκόπει
326 1143 431 1206 οὖν
451 1155 501 1205 εἰ
515 1149 642 1205 τόδε
660 1147 907 1221 ἆποδέχει
931 1149 1066 1207 αὐτὸ
1087 1151 1249 1207 εἶναι·
1283 1157 1420 1208 ἔστω
1439 1151 1545 1223 γὰρ
1568 1151 1681 1224 δὴ’
1654 1166 1785 1225 ημῖν

112 1240 277 1289 τοῦτο
308 1239 514 1304 σχῆμα,
551 1230 583 1287 ὃ
612 1232 789 1302 μόνον
817 1239 932 1288 τῶν
961 1232 1141 1289 ὄντων
1160 1233 1417 1304 τυγχάνει
1435 1234 1680 1305 χρώματι
1700 1234 1782 1291 ἀεὶ

112 1315 398 1385 ἑπόμενον.
437 1316 640 1378 [κανῶς
658 1330 771 1384 σοι,
810 1310 847 1386 ἦ
865 1314 1042 1380 ἄλλως
1062 1337 1176 1380 πως
1195 1321 1385 1387 ζητεῖς;
1423 1315 1528 1387 ἐγώ
1548 1317 1654 1389 γὰρ
1673 1313 1781 1373 κᾶν

114 1395 287 1460 οὕτως
306 1394 576 1469 ἀγαπῴην
598 1403 650 1450 εἰ
663 1417 756 1466 μοι
775 1394 978 1467 ἀρετὴν
998 1405 1185 1462 εἴποις.

251 1484 437 1534 ΜΕΝ.
485 1476 645 1533 ’And
666 1480 831 1533 τοῦτό
851 1500 912 1548 γε
933 1478 1160 1550 εὔηθες,
1184 1472 1229 1533 ώ
1247 1478 1556 1547 Σώκρατες.
1808 1489 1841 1532 C

249 1565 372 1615 ΣΩ.
421 1564 551 1623 Πῶς
570 1562 768 1628 λέγεις;
1795 1589 1798 1593 ·

251 1647 436 1698 ΜΕΝ.
481 1639 599 1696 Ὅτι
628 1643 804 1711 σχῆμά
829 1642 940 1696 πού
966 1645 1077 1697 ἐστι
1106 1641 1243 1697 κατὰ
1273 1642 1371 1699 τὸν
1390 1640 1493 1698 σὸν
1512 1643 1707 1714 λόγον,
1746 1641 1779 1700 ὃ

0 1706 19 1756 ζ’
108 1723 190 1781 ἀεὶ
209 1723 346 1796 χρόᾳ
366 1723 563 1777 ἕπεται.
587 1720 723 1777 εἷεν·
745 1727 794 1778 εἰ
813 1725 871 1778 δὲ
891 1720 956 1794 δὴ
979 1723 1079 1794 τὴν
1097 1724 1271 1794 χρόαν
1289 1746 1367 1789 τις
1384 1721 1457 1795 μὴ
1481 1730 1616 1796 φαίη
1636 1728 1774 1781 εἰδέ-

107 1829 197 1862 ναι
211 1849 226 1877 ,
265 1803 403 1860 ἀλλὰ
425 1801 687 1868 ὡσαύτως
705 1801 910 1875 άποροῐ
924 1803 1108 1875 ὥσπερ
1128 1807 1251 1875 περὶ
1272 1811 1372 1860 τοῦ
1392 1805 1687 1877 σχήματος,
1725 1812 1778 1861 τί

104 1883 176 1943 ἂν
196 1895 297 1943 οἴει
317 1903 403 1941 σοι
422 1883 852 1953 άποκεκρίσθαι;

243 1974 373 2026 Vlss.
448 1972 571 2023 ΣΩ.
625 1965 853 2039 Τάληθῆ
871 1973 1038 2040 ἔγωγε
1057 1989 1066 1999 ·
1090 1970 1179 2024 καὶ
1198 1971 1359 2039 εἰμέν
1375 1990 1435 2037 γε
1451 1975 1563 2023 τῶν
1579 1975 1774 2039 σοφῶν

0 2060 13 2120 ’ς
104 2073 183 2115 τις
216 2057 298 2120 εἴη
335 2050 427 2104 καὶ
462 2051 749 2117 ἐριστικῶν
790 2071 847 2104 τε
889 2052 978 2106 καὶ
1018 2047 1454 2120 άγωνιστικῶνὸ
1491 2049 1770 2120 ἐρόμενος,

0 2127 7 2180 ²·
103 2130 307 2201 εἴποιμ’
345 2126 416 2185 ἄν
451 2127 599 2203 αὐτῷ
639 2128 723 2185 ὅτι
758 2133 876 2202 ἐμοὶ
912 2132 1015 2202 μὲν
1053 2140 1285 2202 εἴρηται·
1325 2136 1374 2187 εἰ
1401 2131 1459 2187 δὲ
1487 2129 1560 2203 μὴ
1582 2129 1769 2202 ὀρθῶς
1801 2138 1834 2179 D

100 2216 268 2284 λέγω,
315 2213 418 2268 σὸν
454 2215 618 2281 ἔργον
653 2212 952 2283 λαμβάνειν
988 2213 1160 2283 λόγον
1196 2214 1286 2269 καὶ
1326 2214 1575 2283 ἐλέγχειν.
1626 2218 1676 2269 εἰ
1709 2215 1768 2270 δὲ

0 2280 12 2339 ³-
101 2294 286 2363 ὥσπερ
307 2293 415 2364 ἐγώ
434 2315 490 2348 τε
511 2294 599 2348 καὶ
620 2291 691 2347 σύ
711 2297 836 2350 νυνὶ
857 2302 1007 2365 φίλοι
1023 2293 1178 2359 ὅντες
1197 2294 1491 2366 βούλοιντο
1513 2291 1768 2366 ἀλλήλοις

0 2370 11 2394 “’
99 2380 476 2447 διαλέγεσθαι,
514 2379 595 2430 δεῖ
622 2373 688 2445 δὴ
712 2376 1020 2446 πραότερον
1039 2398 1152 2440 πως
1171 2378 1260 2431 καὶ
1281 2374 1766 2445 διαλεκτικώτερον

98 2457 512 2529 ἀποκρίνεσθαι.
546 2461 658 2511 ἔστι
678 2455 736 2512 δὲ
759 2464 889 2522 ἴσως
908 2456 969 2513 τό
991 2457 1476 2528 διαλεκτικώτερον
1494 2455 1567 2528 μὴ
1587 2457 1765 2528 μόνον

96 2538 309 2612 τάληθῆ
340 2537 743 2609 ἀποκρίνεσθαι
757 2581 770 2606 ,
791 2537 928 2593 ἀλλὰ
949 2541 1039 2594 καὶ
1062 2537 1137 2594 δι’
1158 2542 1386 2595 ἐκείνων
1405 2531 1487 2595 ῶν
1504 2534 1577 2594 ἄν
1595 2559 1763 2610 προς-

98 2627 338 2694 ομολογῇ
377 2623 578 2676 εἰδέναι
616 2617 645 2675 ὁ
685 2620 1049 2691 ἐρωτώμενος.
1088 2621 1415 2693 πειράσομαι
1445 2619 1513 2692 δὴ
1544 2622 1634 2676 καὶ
1654 2620 1761 2692 ἐγώ

96 2721 184 2759 σοι
229 2701 404 2767 οὕτως
451 2707 637 2758 εἰπεῖν.
684 2704 805 2771 λε’γε
851 2701 959 2772 γάρ
1006 2725 1123 2775 μοι·
1167 2701 1429 2774 τελευτὴν
1463 2708 1644 2768 καλεῖς
1682 2725 1758 2769 τις

96 2783 308 2839 τοιόνδε
329 2787 467 2853 λέγω
488 2779 607 2839 οἷον
626 2786 793 2849 πέρας
804 2784 890 2838 καὶ
901 2787 1149 2854 ἔσχατον·
1172 2786 1350 2840 πάντα
1371 2790 1540 2839 ταῦτα
1559 2781 1759 2839 ταύτόν
1792 2797 1822 2837 Ε

1412 2866 1464 2910 21
1481 2859 1507 2890 *¹
