1994 3100
720 137 1174 185 ΧΑΡΜΙΔΗΣ.
1724 136 1791 187 21

118 268 187 326 οὐ
207 270 446 326 πιστεύω
467 272 684 343 ἐμαυτῷ
703 268 896 334 ίκανός
915 267 1054 325 εἶναι
1072 276 1243 326 ταῦτα
1268 274 1570 327 διελέσθαι·
1593 271 1676 326 διὸ
1701 282 1791 328 καὶ

118 351 239 408 οὔτ’
260 357 312 408 εἰ
328 353 569 409 δυνατόν
584 355 696 408 ἐστι
720 359 882 408 τοῦτο
913 354 1201 423 γενέσθαι,
1240 353 1534 424 ἐπιστήμης
1563 354 1784 423 ε’πιστνή-
1815 365 1844 404 Β

115 456 228 506 μην
248 433 416 505 εἶναι,
437 440 541 506 ἔχω
562 440 1034 506 διισχυρίσασθαι,
1056 432 1177 490 οὔτ’
1198 439 1250 490 εἰ
1274 433 1308 490 ὅ
1334 458 1386 490 τι
1405 435 1638 505 μάλιστα
1659 440 1789 504 ἔστι,

117 518 492 589 σωφροσύνην
512 515 846 588 ἀποδέχομαι
865 513 998 571 αὐτὸ
1024 516 1191 588 εἶναι,
1233 520 1365 589 πρὶν
1394 515 1465 573 ὄὶν
1484 519 1794 584 ἐπισκέψω-

114 622 228 671 μαι,
251 608 357 656 εἴτε
375 623 426 655 τι
446 596 519 655 ἄν
536 599 677 671 ἡμᾶς
698 597 908 670 ὠφελοῖ
923 604 1179 654 τοιοῦτον
1197 597 1281 670 ὅν,
1307 609 1413 657 εἴτε
1432 601 1521 672 μή.
1561 598 1664 672 τὴν
1683 599 1792 671 γάρ

116 676 222 737 οὖν
241 680 307 753 δὴ
328 683 705 754 σωφροσύνην
724 679 1007 753 ω’φέλιμόν
1026 704 1077 736 τι
1096 683 1186 735 καὶ
1207 677 1428 752 α’γαθὸν
1450 683 1793 754 μαντεύομαι

114 763 280 819 εἶναι·
301 763 372 819 σύ
391 758 512 834 οὖν,
535 758 580 821 ὦ
599 777 704 821 παῖ
712 770 1099 835 Καλλαίσχρου
1121 798 1183 806 -—
1199 770 1415 820 τίθεσαι
1433 764 1540 835 γὰρ
1564 782 1792 836 σωφρο-

114 844 294 917 σύνην
320 845 476 902 τοῦτ’
499 846 666 916 εἶναι,
704 846 1011 918 ἐπιστήμην
1039 845 1332 919 ἐπιστήμης
1349 850 1439 903 καὶ
1461 847 1526 919 δὴ
1552 852 1642 904 καὶ
1661 847 1791 904 ἀνε-

114 930 525 1002 πιστημοσύνης
542 962 612 969 -
631 936 855 1000 πρῶτον
873 930 975 1001 μὲν
993 936 1156 985 τοῦτο
1175 933 1425 1002 ἔνδειξαι,
1444 930 1529 987 ὅτι
1548 931 1795 987 δυνατὸν

114 1009 421 1082 [ἀποδεῖξαί
445 1020 525 1083 σε]
556 1010 588 1070 ὃ
615 1020 724 1070 νῦν
744 1012 810 1085 δὴ
837 1018 1053 1082 ἔλεγον,
1088 1015 1270 1067 ἔπειτα
1300 1011 1440 1082 πρὸς
1467 1021 1544 1090 τῷ
1570 1017 1789 1088 δυνατῷ

113 1094 198 1150 ὅτι
216 1096 307 1150 καὶ
326 1092 632 1166 ὠφέλιμον·
655 1094 793 1167 κάμὲ
811 1096 912 1166 τάχ
945 1091 1018 1150 ἄν
1037 1092 1483 1167 ἀποπληρωσαις,
1507 1095 1580 1163 ὥς
1603 1095 1792 1167 ὀρθῶς
1823 1107 1855 1151 0

111 1179 285 1247 λέγεις
302 1178 426 1246 περὶ
445 1178 814 1249 σωφροσύνης
828 1221 841 1245 ,
864 1176 896 1233 ὃ
915 1184 1078 1234 ἔστιν.

255 1265 349 1317 XV
353 1266 407 1316 11
484 1263 593 1316 Καὶ
622 1259 651 1316 6
683 1266 910 1331 Κριτίας
939 1259 1182 1324 ἀκούσας
1210 1267 1383 1315 ταῦτα
1419 1262 1510 1317 καὶ
1546 1262 1686 1317 ἴδιόν
1724 1284 1790 1333 με

111 1341 458 1413 ἀποροῦντα,
515 1359 701 1413 ωσπερ
750 1347 806 1398 οἱ
847 1344 978 1409 τούς
1019 1345 1414 1415 χασμωμένους
1456 1342 1791 1415 καταντικρὺ

112 1422 352 1492 ὁρῶντες
382 1423 589 1481 ταύτὸν
618 1433 781 1482 τοῦτο
810 1426 1218 1498 ξυμπάσχουσι,
1257 1424 1509 1492 κακεῖνος
1528 1430 1681 1494 ἔδοξέ
1696 1450 1789 1499 μοι

112 1505 211 1563 ὑπ’
242 1510 380 1579 ἐμοῦ
407 1507 754 1578 ἀποροῦντος
783 1508 1210 1580 ἀναγκασθῆναι
1244 1511 1333 1565 καὶ
1372 1508 1540 1576 αὐτὸς
1576 1508 1786 1567 ἁλῶναι

112 1586 221 1645 ὑπὸ
244 1587 491 1660 ἀπορίας.
513 1589 609 1647 ἅτε
630 1585 735 1647 οὖν
753 1590 1065 1664 εὐδοκιμῶν
1081 1591 1352 1662 ἑκάστοτε,
1374 1591 1641 1666 ᾐσχύνετο
1661 1594 1791 1658 τούς

113 1672 416 1743 παρόντας,
468 1675 560 1730 καὶ
597 1674 724 1730 οὔτε
763 1678 1114 1747 ξυγχωρῆσαί
1145 1698 1238 1746 μοι
1276 1675 1480 1747 ἤθελεν
1515 1671 1791 1740 ἀδύνατος

114 1754 252 1811 εἶναι
283 1757 564 1812 διελέσθαι
590 1754 625 1810 ἃ
654 1755 1091 1830 προύκαλούμην
1121 1756 1323 1827 αὐτόν,
1364 1761 1515 1827 ἔλεγέ
1543 1779 1600 1812 τε
1620 1755 1788 1814 οὐδὲν
1818 1773 1852 1814 D

112 1842 284 1908 σαφές
298 1881 312 1906 ,
335 1838 720 1895 ἐπικαλύπτων
739 1839 840 1911 τὴν
859 1838 1108 1911 ἀπορίαν.
1141 1838 1292 1909 κάγώ
1313 1837 1444 1911 ἡμῖν
1462 1843 1554 1895 ’ἵνα
1574 1837 1602 1895 6
1625 1840 1791 1911 λόγος

111 1924 324 1991 προΐοι,
363 1919 520 1977 εἷπον
560 1918 699 1978 Ἀλλ’
734 1928 786 1979 εἰ
812 1926 989 1992 δοκεῖ,
1029 1916 1074 1978 ὦ
1103 1927 1325 1993 Κριτία,
1367 1929 1476 1978 νῦν
1504 1923 1606 1995 μὲν
1624 1929 1789 1980 τοῦτο

112 2003 574 2075 ξυγχωρήσωμεν,
614 2004 855 2061 δυνατὸν
885 2005 1025 2063 εἶναι
1053 2013 1316 2076 γενεσθαι
1350 2007 1651 2078 ἐπιστήμην
1671 2011 1791 2063 ἐπν-

112 2088 343 2159 στήμης·
379 2081 550 2153 αὖθις
573 2087 631 2144 δὲ
659 2089 1070 2160 ἐπισκεψόμεθα
1101 2098 1206 2146 εἴτε
1237 2088 1414 2155 οὕτως
1443 2096 1550 2161 ἔχει
1571 2099 1676 2146 εἴτε
1695 2089 1788 2162 μή.

111 2177 197 2226 ἴθι
217 2167 284 2240 δὴ
305 2162 428 2239 οὖν,
449 2175 500 2225 εἰ
516 2169 551 2225 ὅ
567 2193 619 2225 τι
637 2172 870 2241 μάλιστα
891 2169 1136 2227 δυνατὸν
1154 2178 1346 2242 τοῦτο,
1367 2178 1422 2227 τί
1436 2179 1649 2243 μᾶλλον
1669 2167 1791 2228 οἷόν

113 2254 174 2308 τέ
199 2253 350 2307 ἐστιν
379 2254 582 2309 εἰδέναι
601 2252 640 2308 ὁὶ
669 2258 730 2310 τέ
744 2278 824 2319 τις
853 2254 966 2311 οἶδε
986 2257 1077 2311 καὶ
1098 2253 1134 2310 ὁὶ
1150 2256 1226 2327 μή
1241 2280 1256 2323 ;
1297 2262 1461 2311 τοῦτο
1481 2255 1588 2327 γὰρ
1610 2255 1791 2326 δήπου

112 2338 323 2405 ἔφαμεν
343 2332 481 2390 εἶναι
500 2333 561 2390 τὸ
583 2337 915 2406 γιγνώσκειν
933 2335 1106 2393 αὑτὸν
1126 2339 1215 2394 καὶ
1238 2351 1555 2409 σωφρονεῖν
1568 2361 1579 2372 ·
1598 2332 1636 2412 ἦ
1654 2339 1790 2410 γάρς

113 2416 279 2472 Πάνυ
296 2438 387 2487 γε,
418 2412 453 2488 ἦ
473 2416 526 2472 δ’
551 2416 639 2483 ὅς,
668 2421 758 2475 καὶ
783 2424 1068 2492 ξυμβαίνει
1086 2423 1151 2492 γε’
1166 2442 1303 2493 που,
1338 2415 1382 2477 ὦ
1401 2421 1709 2493 Σώκρατες.
1743 2426 1795 2477 εἰ

111 2500 216 2570 γάρ
234 2522 313 2564 τις
334 2505 440 2570 ἔχει
459 2501 763 2572 ἐπιστήμην
785 2500 818 2573 ἢ
837 2502 975 2575 αὐτὴ
998 2502 1176 2575 αὐτὴν
1194 2505 1516 2576 γιγνώσκει,
1539 2513 1788 2571 τοιοῦτος
1822 2525 1852 2566 Ε

111 2579 183 2638 ἄν
215 2580 381 2647 αὐτὸς
413 2591 495 2653 εἰη
526 2582 750 2653 οἷόνπερ
781 2587 930 2643 ἐστὶν
950 2584 980 2641 ὃ
1011 2591 1133 2657 ἔχει.
1171 2586 1356 2657 ὥσπερ
1378 2587 1514 2644 ὅταν
1533 2588 1695 2660 τάχος
1712 2611 1791 2654 τις

111 2669 231 2737 ἔχῃ,
252 2666 445 2736 ταχύς,
466 2668 556 2723 καὶ
576 2666 711 2723 ὅταν
732 2668 958 2739 κάλλος,
979 2670 1171 2741 καλός,
1193 2672 1282 2726 καὶ
1303 2669 1439 2727 ὅταν
1457 2678 1683 2742 γνῶσιν,
1703 2694 1792 2742 γι-

112 2749 407 2817 γνώσκων·
425 2748 561 2805 ὅταν
578 2750 634 2807 δὲ
651 2750 717 2822 δὴ
734 2758 946 2821 γνοῦσιν
962 2752 1138 2826 αὐτὴν
1154 2751 1324 2827 αὑτῆς
1338 2778 1418 2820 τις
1435 2760 1529 2827 ἔχῃ
1541 2797 1556 2826 ,
1588 2755 1792 2825 γιγνώ·

116 2848 267 2887 σκων
285 2853 394 2888 που
411 2831 580 2900 αὐτὸς
599 2833 800 2891 ἑαυτὸν
819 2834 941 2891 τότε
961 2840 1125 2892 ἔσται.
1166 2835 1251 2892 Οὐ
1270 2844 1462 2909 τοῦτο,
1496 2830 1569 2909 ἦν
1589 2836 1641 2892 δ’
1664 2837 1770 2906 ἐγώ
