2020 3094
835 103 1109 151 ΛΥΣΙΣ.
1753 97 1823 149 69

142 240 374 298 Οὐκοῦν
393 237 551 295 κοινοὶ
581 236 650 292 τά
679 258 743 307 γε
772 241 954 307 φίλων
981 237 1222 305 λέγεται,
1269 229 1407 290 ὥστε
1425 232 1605 305 τούτῳ
1635 254 1698 303 γε
1721 230 1824 303 οὐ·-

141 324 236 381 δὲν
250 326 537 391 διοίσετον,
563 327 716 388 εἴπερ
735 317 922 390 άληθῆ
940 319 1177 389 περὶτῆς
1195 321 1381 388 φιλίας
1398 318 1636 387 λέγετον.
1662 321 1823 371 Συν-

47 476 50 478 -
140 406 365 477 εφάτην.

54 479 58 483 ’
278 494 364 545 IV.
412 484 761 557 Ἐπεχείρουν
781 482 848 555 δὴ
869 481 1004 554 μετὰ
1022 488 1188 539 τοῦτο
1208 484 1437 554 ἐρωτᾷν,
1455 478 1718 550 ὁπότερος
1738 483 1823 535 δι·
1852 489 1890 532 D

139 572 424 640 καιότερος
439 570 529 624 καὶ
549 566 864 638 σοφώτερος
879 564 1068 622 αὐτῶν
1087 573 1185 636 εἴη.
1209 563 1410 635 μεταξὺ
1430 558 1537 620 οὖν
1553 586 1635 630 τις
1652 584 1822 634 προς-

141 653 326 711 ελθῶν
345 652 610 723 ἀνέστησε
628 648 729 706 τὸν
746 652 1086 718 Μενέξενον,
1110 648 1346 719 φάσκων
1364 654 1554 704 καλεῖν
1571 646 1674 703 τὸν
1692 666 1815 703 παι-

142 742 428 807 ὁοτρίβην·
468 732 647 790 ἐδόκει
676 731 783 803 γάρ
813 754 907 803 μοι
934 734 1231 802 ἱεροποιῶν
1265 731 1574 803 τυγχάνειν.
1611 733 1822 795 ἐκεῖνος

139 817 242 890 μὲν
259 812 366 873 οὖν
386 814 555 892 ᾤχετο
572 836 584 847 ·
625 812 729 885 ἐγώ
750 814 810 871 δὲ
830 814 929 870 τὸν
946 814 1130 871 Λύσιν
1147 811 1394 886 ἠρόμην,
1426 808 1648 886 Ἦπου,
1668 808 1742 886 ἦν
1763 811 1817 869 δ’

137 902 276 972 ἐγώ,
315 894 357 956 m*
394 900 569 969 Λύσι,
609 896 828 969 σφόδρα
863 905 1014 968 φιλεῖ
1046 915 1107 954 σε
1141 896 1169 953 ὁ
1210 895 1390 969 πατὴρ
1414 900 1505 954 καὶ
1541 894 1575 969 ἡ
1613 897 1820 969 μήτηρ;

141 984 308 1039 Πάνυ
326 1004 407 1054 γε,
427 975 465 1053 ἦ
485 979 539 1037 δ’
560 978 637 1046 ὅς.
713 978 946 1037 Οὐκοῦν
964 981 1262 1053 βούλοιντο
1288 979 1360 1037 ἄν
1381 999 1443 1037 σε
1464 978 1538 1047 ῶς
1558 979 1823 1052 εὐδαιμο-

141 1071 408 1123 νέστατον
444 1062 608 1130 εἶναι;
656 1069 788 1128 Πῶς
822 1061 929 1134 γὰρ
969 1065 1064 1129 οὔ;
1110 1071 1288 1120 Δοκεῖ
1320 1067 1383 1120 δέ
1416 1081 1504 1120 σοι
1542 1060 1822 1134 εὐδαίμων
1850 1072 1883 1113 Ε

141 1148 281 1206 εἶναι
298 1146 606 1218 ἄνθρωπος
624 1147 913 1203 δουλεύων
932 1169 990 1203 τε
1008 1150 1099 1203 καὶ
1120 1140 1168 1220 ᾦ
1187 1146 1360 1218 μηδὲν
1378 1148 1518 1218 ἐξείη
1539 1157 1720 1202 ποιεῖν
1739 1138 1821 1201 ῶν

138 1236 430 1304 ἐπιθυμοῖ;
467 1230 569 1287 Μὰ
588 1229 683 1287 Δί’
706 1229 810 1287 οὐκ
829 1235 1039 1303 ἔμοιγε,
1076 1235 1200 1302 ἔφη.
1276 1227 1507 1286 Οὐκοῦν
1525 1236 1580 1285 εἴ
1593 1247 1654 1285 σε
1675 1235 1828 1300 φιλεῖ

40 1354 54 1361 ·
141 1314 170 1372 ὁ
204 1314 384 1387 πατὴρ
408 1316 497 1371 καὶ
527 1312 561 1386 ἡ
589 1314 767 1386 μήτηρ
788 1315 878 1370 καὶ
899 1310 1203 1385 εὐδαίμονά
1225 1330 1285 1369 σε
1305 1315 1647 1383 ἐπιθυμοῦσι
1663 1313 1821 1382 γενέ-

140 1405 304 1469 σθαι,
343 1404 507 1453 τοῦτο
539 1400 702 1453 παντὶ
719 1395 906 1471 τρόπω
927 1400 1099 1469 δῆλον
1119 1394 1204 1453 ὅτι
1222 1401 1651 1467 προθυμοῦνται
1670 1393 1822 1460 ὅπως

139 1478 212 1537 ἄν
231 1477 629 1552 εὐδαιμονοίης.
701 1486 833 1545 Πῶς
861 1478 968 1551 γὰρ
995 1478 1122 1551 οὐχί
1129 1505 1142 1545 ;
1178 1484 1300 1552 ἔφη.
1368 1478 1559 1534 Ἐῶσιν
1579 1477 1687 1549 ἄρα
1706 1494 1768 1533 σε
1787 1474 1822 1532 ἃ

138 1567 330 1637 βούλει
347 1575 542 1636 ποιεῖν,
563 1565 653 1621 καὶ
673 1563 840 1619 οὐδὲν
858 1565 1282 1636 ἐπιπλήττουσιν
1299 1559 1430 1618 οὐδὲ
1446 1560 1822 1617 διακωλύουσι

141 1660 321 1704 ποιεῖν
341 1639 422 1703 ῶν
440 1644 512 1702 ἄν
531 1650 835 1720 ἐπιθυμῇς;
871 1648 983 1703 Ναὶ
1003 1646 1078 1719 μὰ
1100 1644 1194 1702 Δί’
1216 1648 1314 1717 ἐμέ
1324 1667 1388 1717 γε
1401 1687 1416 1715 ,
1441 1639 1485 1701 ῶ
1504 1644 1819 1715 Σώκρατες,

140 1731 232 1787 καὶ
258 1729 404 1800 μάλα
433 1751 497 1801 γε
526 1728 703 1786 πολλοὶ
730 1731 1063 1786 κωλύουσιν.
1132 1736 1264 1795 Πῶς
1282 1732 1484 1800 λε’γεις;
1523 1720 1596 1799 ἦν
1618 1725 1670 1784 δ’
1692 1727 1819 1799 ἐγώ.

139 1813 479 1884 βουλόμενοί
504 1829 564 1868 σε
594 1813 871 1883 μακάριον
893 1810 1036 1868 εἶναι
1055 1812 1431 1868 διακωλύουσι
1461 1817 1628 1867 τοῦτο
1647 1822 1827 1867 ποιεῖν
1850 1825 1937 1870 208

140 1891 173 1950 ὃ
194 1890 267 1950 ἂν
287 1893 492 1966 βούλῃ;
534 1887 640 1950 dds
671 1897 736 1950 δέ
757 1917 851 1966 μοι
883 1898 1020 1966 λέγε.
1063 1893 1133 1967 ἦν
1162 1895 1512 1967 ἐπιθυμήσῃς
1549 1895 1642 1950 ἐπί
1673 1915 1823 1960 τινος

139 1983 252 2033 τῶν
269 1984 372 2033 τοῦ
392 1976 598 2048 πατρὸς
616 1974 878 2049 ἁρμάτων
895 1977 1147 2049 ὀχεῖσθαι
1163 1978 1354 2051 λαβὼν
1372 1976 1470 2043 τὰς
1489 1976 1663 2049 ἡνίας,
1685 1974 1822 2032 ὅταν

139 2058 458 2131 ἁμιλλᾶται,
494 2058 598 2115 οὐκ
627 2058 700 2115 ἄν
729 2063 866 2135 ἐῷέν
895 2077 955 2117 σε
988 2060 1128 2119 ἀλλὰ
1159 2061 1553 2128 διακωλύοιεν;
1589 2057 1692 2116 Μὰ
1722 2056 1817 2115 Δί’

142 2142 211 2198 οὐ
234 2146 423 2215 μέντοι
441 2142 539 2212 ἄν,
560 2149 667 2215 ἔφη
680 2187 696 2215 ,
717 2146 870 2219 ἐῶεν.
940 2142 1102 2202 Ἀλλὰ
1122 2151 1244 2201 τίνα
1264 2145 1406 2217 μήτις
1427 2143 1580 2200 ’Ἐστι
1598 2166 1679 2209 τις
1697 2140 1822 2215 ἡνί-

142 2248 268 2298 οχος
286 2225 434 2296 παρὰ
466 2232 567 2283 τοῦ
585 2225 793 2296 πατρὸς
821 2226 1032 2299 μισθὸν
1059 2230 1262 2298 φέρων.
1333 2233 1464 2293 Πῶς
1494 2229 1693 2298 λέγειςς
1729 2248 1822 2298 μι-

139 2316 342 2384 σθωτῶ
359 2315 570 2380 μᾶλλον
586 2311 972 2381 ἐπιτρέπουσιν
990 2307 1026 2381 ἦ
1046 2313 1132 2367 σοὶ
1148 2323 1328 2367 ποιεῖν
1346 2309 1378 2366 ὅ
1395 2333 1447 2366 τι
1465 2306 1501 2366 δι’
1504 2332 1539 2366 ν
1552 2310 1822 2383 βούληται

138 2394 263 2461 περὶ
292 2391 422 2457 τούς
448 2396 681 2462 ἵππους,
719 2395 810 2450 καὶ
840 2395 1065 2463 προσέτι
1102 2391 1276 2450 αὐτοῦ
1310 2393 1515 2450 τούτου
1547 2391 1821 2464 α’ργύριον

137 2480 422 2541 τελούσης
455 2472 616 2531 Ἀλλά
638 2481 692 2531 τί
706 2476 846 2547 μήτις
878 2481 999 2548 ἔφη.
1054 2475 1212 2533 Ἀλλὰ
1231 2483 1332 2533 τοῦ
1354 2475 1550 2548 ὀρικοῦ
1571 2476 1817 2548 ζεύγους,
1855 2493 1882 2534 Β

137 2555 315 2629 οἶμαι,
335 2561 695 2628 ἐπιτρέπουσί
708 2577 796 2615 σοι
819 2558 1034 2631 ἄρχειν,
1066 2555 1175 2616 κᾶν
1193 2565 1243 2618 εἰ
1256 2560 1487 2634 βούλοιο
1510 2559 1699 2633 λαβών
1718 2556 1821 2631 τήν

137 2640 373 2712 μάστιγα
392 2642 650 2706 τύπτειν,
687 2641 881 2717 ἐῶεν”
845 2665 929 2698 αν.
1004 2642 1228 2714 Πόθεν,
1267 2665 1301 2744 η
1334 2642 1386 2698 δ’
1415 2641 1505 2715 ὅς,
1546 2645 1711 2717 ἐῶεν;
1757 2646 1827 2698 Τί

138 2724 223 2778 δέ·
210 2746 225 2789 ;
244 2717 316 2795 ἦν
336 2721 388 2780 δ’
413 2726 545 2797 ἐγώ·
578 2724 767 2782 οὐδενὶ
787 2730 993 2792 ἔξεστιν
1009 2724 1214 2793 αύτους
1230 2728 1486 2783 τύπτειν·
1472 2768 1487 2794 ,
1526 2729 1634 2783 Καὶ
1654 2727 1819 2798 μάλα,

35 2882 45 2896 ,
136 2811 270 2878 ἔφη,
311 2814 387 2883 τῷ
415 2806 717 2884 ὀρεοκόμω.
788 2810 991 2885 Δούλφ
1023 2808 1143 2867 ὅντι
1179 2806 1216 2882 ἦ
1253 2813 1560 2886 ἐλευθέρως
1590 2810 1818 2883 Δούλω,
