1962 3112
130 1311 213 1356 474

180 1977 212 2016 Β

181 2794 211 2836 G

243 93 347 144 238
849 94 1020 141 HAA
1037 67 1324 143 T521v62
1863 104 1919 147 40

383 233 562 283 ΠῼΛ.
602 226 826 297 ’Ἑγωγε

387 315 512 364 Σῼ.
567 307 1074 378 Εὐδαιμονέστερος
1106 310 1209 378 μὲν
1241 313 1434 364 τοίνυν
1468 311 1734 367 οὐδέποτε
1770 315 1918 368 ἔσται

248 387 538 461 οὐδέτερος
561 389 774 461 αὐτῶν,
815 389 943 445 οὔτε
963 387 991 445 6
1014 392 1472 462 κατειργασμένος
1489 392 1591 464 τὴν
1614 398 1919 463 τυραννίδα

245 471 447 536 άδίκως
478 471 606 527 οὔτε
635 470 662 526 ὁ
697 470 894 537 ἁλούς·
934 476 1094 527 δυοῖν
1121 471 1227 542 γάρ
1258 472 1482 529 άθλίοιν
1503 474 1919 547 εὐδαιμονέστε-

244 577 339 624 ρος
366 554 467 626 μὲν
499 553 601 610 οὐκ
633 551 705 610 ἄν
723 564 805 626 εἴη
821 577 831 587 ·
869 554 1208 625 ἀθλιώτερος
1233 556 1465 628 μέντοιὸ
1490 561 1810 631 διαφεύγων
1827 564 1919 617 καὶ

247 638 644 707 τυραννεύσας.
683 643 740 693 τί
753 643 948 709 τοῦτο,
988 632 1034 693 εὖ
1050 644 1242 707 Πῶλες
1277 647 1467 714 γελᾷς;
1507 640 1641 698 ἄλλο
1662 637 1736 697 αὖ
1754 650 1917 698 τοῦτο

248 724 391 790 εἶδος
409 726 634 795 ἐλέγχου
654 727 818 793 ἐστίν,
840 724 1065 780 ἐπειδάν
1084 731 1163 789 τίς
1181 747 1232 780 τι
1252 733 1394 798 εἴπῃ,
1417 734 1743 800 καταγελᾷν,
1765 729 1917 796 ἐλέγ-

242 830 359 878 χειν
379 809 437 863 δὲ
458 808 559 878 μή;

380 894 560 943 ΠΩΛ.
615 887 736 945 Οὐκ
766 897 867 945 οἰει
901 892 1309 960 ἐξεληλέγχθαι,
1350 883 1395 945 ὠ
1422 889 1746 962 Σώκρατες,
1784 889 1919 945 ὅταν

240 978 468 1027 τοιαῦτα
486 975 662 1044 λέγῃς,
685 969 721 1026 ὁὶ
741 968 972 1037 οὐδεὶς’
946 970 1018 1028 άν
1037 972 1264 1043 φήσειεν
1283 971 1632 1041 ἀνθρώπων;
1654 976 1768 1029 ἐπεὶ
1787 976 1918 1054 ἐροῦ

238 1051 361 1108 τινὰ
382 1058 632 1108 τουτωνί.

383 1141 509 1190 ΣΩ.
558 1130 623 1190 Ὦ
644 1143 831 1207 Πῶλε,
870 1136 972 1191 οὐκ
993 1137 1098 1206 εἰμὶ
1118 1143 1232 1191 τῶν
1251 1142 1576 1207 πολιτικῶν,
1611 1140 1700 1191 καὶ
1720 1139 1914 1205 πέρυσι

242 1218 538 1288 βουλεύειν
568 1218 781 1290 λαχών,
819 1216 1003 1289 ἐπειδὴ
1032 1215 1067 1288 ἡ
1089 1216 1236 1287 φυλὴ
1255 1218 1592 1287 ἐπρυτάνευε
1613 1220 1702 1274 καὶ
1719 1222 1828 1273 ἔδει
1846 1241 1911 1289 με

243 1303 614 1370 ἐπιψηφίζειν,
641 1303 851 1369 γέλωτα
870 1312 1131 1370 παρεῖχον
1152 1302 1242 1354 καὶ
1263 1298 1365 1355 οὐκ
1385 1299 1699 1371 ἠπιστάμην
1719 1303 1916 1371 ἐπιψη-

248 1386 438 1480 φίζειν.
460 1382 534 1453 μὴ
556 1377 663 1437 οὖν
682 1381 818 1484 μηδε
837 1388 947 1437 νῦν
965 1403 1030 1453 με
1051 1386 1237 1437 κέλευε
1257 1385 1603 1452 ἐπιψηφίζειν
1621 1381 1751 1446 τοὺς
1769 1402 1916 1451 παρ-

243 1463 436 1533 όντας,
458 1461 579 1519 ἀλλ’
606 1469 656 1519 εἰ
674 1464 746 1534 μὴ
769 1468 905 1534 ἔχεις
923 1463 1139 1518 τούτων
1156 1468 1350 1535 βελτίω
1371 1468 1617 1535 ἔλεγχον,
1649 1461 1786 1535 ὅπερ
1808 1469 1915 1517 νῦν

244 1543 311 1616 δὴ
334 1543 438 1614 ἐγω
461 1550 679 1615 ἔλεγον,
719 1548 837 1616 ἐμοὶ
867 1549 926 1601 ἐν
953 1552 1029 1619 τῷ
1058 1548 1209 1616 μέρει
1229 1544 1498 1616 παράδος,
1539 1548 1630 1601 καὶ
1663 1550 1916 1613 πείρασαι

242 1635 344 1683 τοῦ
362 1631 612 1699 ἐλέγχου,
645 1626 766 1684 οἷον
786 1626 892 1698 ἐγώ
925 1626 1074 1698 οἶμαι
1105 1632 1220 1683 δεῖν
1252 1627 1406 1684 εἶναι.
1441 1627 1546 1698 ἐγώ
1583 1626 1690 1698 γὰρ
1730 1621 1811 1682 ὧν
1847 1623 1917 1681 ἂν

243 1713 382 1782 λέγω
411 1712 509 1765 ἕνα
548 1710 648 1780 μὲν
687 1711 1066 1779 παρασχέσθαι
1105 1710 1357 1780 μάρτυρα
1395 1713 1704 1780 ἐπίσταμαι,
1744 1707 1915 1764 αὐτὸν

246 1794 387 1863 πρὸς
418 1792 485 1847 6v
515 1792 588 1846 άν
616 1813 708 1862 μοι
738 1789 767 1847 6
799 1793 962 1862 λόγος
994 1815 1058 1864 η,
1095 1791 1226 1857 τούς
1249 1795 1308 1848 δε
1336 1793 1576 1857 πολλοὺς
1597 1797 1671 1848 ἐῶ
1688 1799 1913 1863 χαίρειν,

242 1879 332 1933 καὶ
351 1878 449 1931 ἕνα
469 1878 814 1945 ἐπιψηφίζειν
832 1878 1143 1944 ἐπίσταμαι,
1183 1886 1294 1938 τοῖς
1325 1875 1383 1930 δε
1403 1879 1624 1937 πολλοῖς
1643 1871 1772 1929 οὐδὲ
1794 1878 1912 1929 δια-

243 1959 484 2028 λέγομαι.
525 1955 629 2025 όρα
650 1957 781 2026 οὐν,
816 1960 865 2010 εί
881 1955 1163 2025 ἐθελήσεις
1182 1958 1242 2009 ἐν
1259 1961 1338 2029 τῷ
1355 1957 1506 2025 μέρει
1527 1953 1743 2009 διδόναι
1763 1960 1916 2025 ἔλεγ-

239 2063 340 2111 χον
370 2038 811 2109 αποκρινόμενος
838 2035 902 2092 τὰ
933 2038 1271 2108 ἐρωτώμενα.
1313 2034 1417 2106 ἐγω
1439 2034 1544 2105 γὰρ
1567 2034 1632 2106 δὴ
1655 2035 1803 2107 οἶμαι
1824 2040 1914 2093 καὶ

242 2122 334 2192 ἐμὲ
364 2125 454 2177 καὶ
486 2121 546 2176 σε
576 2121 666 2176 καὶ
696 2119 827 2184 τοὺς
856 2119 1058 2183 ἄλλους
1095 2118 1432 2189 ἀνθρώπους
1466 2116 1527 2173 τὸ
1569 2116 1779 2173 ἀδικεῖν
1814 2124 1912 2173 τοῦ

244 2204 560 2261 ἀδικεῖσθαι
593 2203 790 2258 κάκιον
809 2199 1066 2273 ἡγεῖσθαι
1095 2203 1185 2256 καὶ
1209 2200 1270 2256 τὸ
1295 2201 1367 2271 μὴ
1395 2200 1611 2256 διδόναι
1631 2204 1789 2271 δίκην
1811 2207 1914 2256 τοῦ

241 2287 470 2343 διδόναι.

379 2373 556 2423 ΠῼΛ.
607 2364 743 2436 Ἐγώ
782 2368 848 2421 δέ
876 2387 940 2436 γε
970 2364 1094 2420 οὔτ’
1126 2365 1218 2435 ἐμὲ
1247 2362 1365 2420 οὔτ’
1400 2365 1572 2420 ἄλλον
1590 2362 1911 2432 ἀνθρώπων

243 2449 462 2506 οὐδένα.
501 2449 615 2503 ἐπεὶ
646 2445 718 2502 σύ
751 2445 916 2514 δέξαι’
951 2444 1023 2501 ἂν
1051 2453 1266 2517 μᾶλλον
1285 2445 1598 2501 ἀδικεῖσθαι
1616 2441 1652 2514 ἢ
1672 2442 1882 2499 άδικεῖν

382 2535 505 2586 ΣΩ.
562 2531 672 2585 Καὶ
692 2529 764 2584 σύ
783 2528 839 2599 γ’
861 2525 932 2583 ἂν
947 2531 1039 2583 καὶ
1061 2531 1117 2583 οἱ
1131 2526 1287 2582 ἄλλοι
1305 2526 1519 2589 πάντες.

380 2616 559 2666 ΠῼΛ.
610 2616 840 2666 Πολλοῦ
870 2632 932 2680 γε
963 2614 1072 2679 δεῖ,
1108 2608 1226 2665 ἄλλ’
1261 2607 1382 2664 οὔτ’
1411 2604 1518 2678 ἐγώ
1547 2605 1675 2662 οὔτε
1695 2605 1766 2660 σύ
1787 2601 1904 2660 οὔτ’
1961 2625 1962 2628 ’

241 2695 409 2757 ἄλλος
433 2690 630 2757 οὐδείς.

383 2779 505 2831 ΣΩ.
572 2771 798 2829 Οὐκοῦν
817 2771 1130 2845 ἀποκρινεῖ;
