1962 3112
131 139 184 184 ⁸3
606 130 919 178 ΙΠΠΙΑΣ
948 125 1309 176 ΜΕΙΖΩΝ.
1700 86 1802 174 375

126 273 346 339 χυτρῶν
372 271 451 340 τῷ
467 270 592 320 τῶν
623 266 927 331 παρθένων
955 258 1445 332 συμβαλλόμενον;
1483 255 1586 329 οὐχ
1613 255 1647 329 ἡ
1669 263 1808 313 καλ-

130 355 281 420 λίστη
309 349 592 417 παρθένος
626 343 821 416 αἰσχροὶ
850 355 1132 415 φανεῖται;
1169 338 1204 414 ἦ
1235 363 1304 398 ου
1333 343 1424 398 καὶ
1451 337 1806 411 Ἡράκλειτος

127 429 333 487 ταύτὸν
350 436 514 485 τοῦτο
546 432 714 499 λε’γει,
754 426 822 483 ὃν
850 427 923 483 σὺ
953 426 1169 496 ἐπάγει,
1207 424 1292 482 ὅτι
1311 424 1636 495 ἀνθρώπων
1655 420 1684 480 ὁ
1707 440 1806 479 σο-

125 511 377 583 φώτατος
395 510 535 581 πρὸς
552 512 697 567 θεὸν
723 517 963 582 πίθηκος
985 522 1238 582 φανεῖται
1256 512 1347 567 καὶ
1368 515 1540 583 σοφίᾳ
1557 510 1647 565 καὶ
1663 507 1805 564 πάλ-

127 602 210 651 λει
244 596 336 652 καὶ
362 605 476 660 τοῖς
502 593 689 658 ἄλλοις
724 599 922 660 πᾶσιν;
961 591 1417 665 ὁμολογήσωμεν,
1450 590 1660 662 Ἱππία,
1701 588 1806 662 τήν

124 683 422 749 καλλίστην
442 679 731 747 παρθένον
747 676 887 747 πρὸς
903 685 1058 734 θεῶν
1077 682 1236 748 γένος
1254 676 1490 748 αἰσχράν
1515 674 1680 740 εἶναι,
1667 699 1678 710 ·

266 765 369 815 ΙΠ.
432 765 523 824 Τίς
542 759 647 830 γὰρ
666 755 739 814 ἄν
756 757 1004 816 ἀντείποι
1023 760 1203 834 τούτῳ
1221 775 1309 831 γε,
1343 781 1385 815 ω
1408 759 1732 830 Σώκρατες;

266 848 391 899 ΣΩ.
433 839 533 898 ’Ὰν
560 846 752 898 τοίνυν
770 850 942 898 ταῦτα
962 841 1419 915 ὁμολογήσωμεν,
1439 841 1733 912 γελάσεταί
1747 858 1806 896 τε
1836 852 1867 896 0

123 927 216 982 καὶ
251 927 387 996 ἐρεῖ·
426 948 469 981 ω
505 925 827 996 Σώκρατες,
866 928 1139 998 μέμνησαι
1177 929 1283 982 οὐν
1322 925 1357 981 6'
1392 946 1444 980 τι
1479 923 1804 997 ήρωτήθης;

124 1013 322 1079 ἔγωγε,
351 1009 544 1080 φήσω,
576 1007 661 1064 ὅτι
686 1006 822 1064 αὐτὸ
839 1009 900 1064 τὸ
920 1008 1137 1066 καλὸν
1115 1032 1144 1065 ο
1135 1009 1222 1066 ’τί
1245 1031 1349 1064 ποτ
1356 1006 1556 1064 ’ἔστιν
1598 1012 1803 1079 ἔπειτα,

123 1091 317 1163 φήσει,
358 1094 655 1164 ἐρωτηθεὶς
674 1092 735 1148 τὸ
757 1091 931 1148 καλὸν
950 1089 1263 1162 ἀποκρίνει,
1288 1088 1318 1147 ὃ
1337 1090 1595 1162 τυγχάνει
1615 1090 1683 1147 ὅν
1696 1133 1709 1160 ,
1732 1088 1806 1156 ὡς

124 1174 294 1241 αὐτὸς
311 1176 440 1249 φῄς,
461 1176 632 1232 οὐδὲν
649 1182 862 1247 μᾶλλον
879 1175 1055 1231 καλὸν
1072 1171 1109 1246 ἢ
1126 1174 1382 1246 αἰσχρόν;
1416 1178 1561 1230 ἔοικε
1573 1217 1588 1246 ,
1611 1175 1775 1247 φήσω
1789 1196 1800 1207 ·

122 1253 158 1329 ἦ
183 1263 238 1313 τί
250 1280 344 1330 μοι
362 1260 787 1331 συμβουλεύεις,
811 1253 856 1315 ὦ
876 1265 1000 1330 φίλε
1015 1302 1028 1328 ,
1051 1258 1250 1330 φάναι;

267 1346 369 1397 ΙΠ.
431 1341 600 1397 Τοῦτ’
633 1347 802 1413 ἔγωγε
819 1364 830 1375 ·
868 1345 957 1398 καὶ
991 1341 1056 1413 δὴ
1078 1342 1219 1411 πρός
1235 1363 1299 1412 γε
1316 1339 1490 1408 θεοὺς
1508 1340 1595 1399 ὅτι
1612 1338 1681 1397 οὐ
1699 1362 1806 1397 κα-

123 1421 226 1479 λὸν
243 1422 304 1479 τό
330 1421 687 1494 α’νθρωπειον
703 1427 892 1496 γένος,
915 1423 1103 1496 ἀληθῆ
1121 1428 1247 1493 ἐρεῖ.

262 1511 386 1563 ΣΩ.
433 1512 506 1563 Εἰ
521 1510 584 1563 δέ
600 1524 661 1563 σε
679 1506 917 1579 ἠρόμην,
940 1508 1124 1579 φήσει,
1149 1510 1199 1573 ἐξ
1221 1503 1407 1580 ἀρχῆς,
1429 1513 1486 1563 τί
1498 1510 1612 1563 ἐστι
1631 1505 1806 1562 καλόν

121 1610 178 1644 τε
192 1591 281 1646 καὶ
293 1588 537 1660 αἰσχρόν,
552 1597 607 1646 εἴ
611 1611 706 1661 μοι
717 1589 858 1661 ἅπερ
870 1596 980 1646 νῦν
999 1589 1297 1662 ἀπεκρίνω,
1315 1585 1399 1661 ἆρ’
1414 1588 1517 1646 οὐκ
1532 1585 1604 1645 οἳν
1617 1587 1806 1660 ὀρθῶς
1834 1601 1870 1645 D

120 1671 449 1743 ἀπεκέκρισο
463 1697 479 1740 ;
499 1677 576 1727 ἔτι
588 1672 646 1729 δὲ
657 1674 749 1728 καὶ
762 1676 917 1729 δοκεῖ
922 1689 1010 1730 σοι
1022 1672 1157 1730 αὐτὸ
1170 1671 1230 1729 τὸ
1246 1674 1440 1744 καλόν,
1455 1666 1502 1747 ᾦ
1520 1673 1612 1728 καὶ
1630 1666 1805 1728 τᾶλλα

123 1757 302 1811 πάντα
315 1766 595 1827 κοσμεῖται
608 1758 699 1812 καὶ
713 1755 853 1812 καλά
867 1762 1139 1827 φαίνεται,
1161 1756 1387 1812 ἐπειδάν
1399 1774 1476 1830 τφ
1489 1757 1804 1827 προσγένη-

122 1858 209 1892 ται
237 1838 416 1893 ἐκεῖνο
435 1836 497 1894 τὸ
525 1836 685 1907 εἶδος,
705 1837 849 1894 τοῦτ’
871 1838 1012 1895 εἶναι
1027 1841 1310 1908 παρθένος
1327 1835 1363 1910 ἢ
1381 1841 1547 1903 ίππος
1572 1834 1608 1909 ἢ
1627 1838 1803 1908 λύρα,

261 1923 362 1976 ΙΠ.
415 1917 578 1976 Ἀλλα
595 1923 807 1992 μέντοι,
849 1942 890 1975 ω
923 1922 1248 1993 Σώκρατες,
1288 1927 1339 1977 εἰ
1361 1921 1528 1977 τοῦτό
1557 1943 1621 1992 γε
1643 1926 1803 1993 ζητεῖ,

120 2002 348 2058 πάντων
375 2004 583 2076 ῥᾷστον
611 2000 1026 2073 ἀποκρίνασθαι
1046 2003 1224 2080 αὐτῷ,
1246 2011 1302 2061 τί
1317 2007 1431 2060 ἐστι
1448 2003 1507 2060 τὸ
1530 2003 1802 2075 καλόν,ω

121 2087 211 2142 καὶ
226 2080 396 2142 τᾶλλα
412 2086 593 2141 πάντα
606 2098 888 2158 κοσμεῖται
899 2090 989 2145 καὶ
1003 2091 1453 2160 προσγενομένου
1469 2085 1645 2143 αὐτοῦ
1662 2045 1804 2143 κάλα

123 2175 392 2238 φαίνεται.
432 2166 801 2239 εὐηθέστατος
828 2164 933 2225 οὖν
961 2173 1109 2227 ἐστὶν
1137 2170 1166 2226 ὁ
1201 2169 1504 2240 α’νθρωπος
1521 2171 1613 2226 καὶ
1636 2167 1804 2226 οὐδὲν
1834 2179 1868 2223 Β

121 2253 296 2307 ἐπαΐει
324 2254 447 2320 περὶ
484 2258 675 2308 καλῶν
711 2253 1017 2325 κτημάτων.
1058 2252 1158 2309 ἐὰν
1194 2252 1301 2324 γὰρ
1339 2250 1491 2327 αὐτῷ
1524 2249 1803 2326 ἀποκρίνῃ

120 2330 207 2386 ὅτι
237 2329 390 2388 τοῦτ’
425 2335 575 2390 ἐστὶν
602 2332 632 2390 ὃ
662 2338 869 2409 ἐρωτᾷς
897 2335 958 2391 τὸ
989 2334 1163 2391 καλὸν
1181 2333 1350 2391 οὐδὲν
1368 2333 1503 2391 ἄλλο
1523 2330 1560 2408 ἦ
1577 2334 1801 2407 χρυσός,

120 2412 389 2486 ἀπορήσει
419 2418 508 2471 καὶ
538 2415 642 2473 οὐκ
673 2419 1002 2490 ἐπιχειρήσει
1021 2434 1081 2473 σε
1102 2419 1355 2488 ἐλέγχειν.
1381 2426 1541 2488 ἴσμεν
1560 2418 1669 2488 γάρ
1691 2438 1803 2473 που

120 2498 349 2568 πάντες,
383 2497 468 2554 ὅτι
486 2498 632 2555 ὅπου
657 2498 728 2556 ἄν
756 2509 920 2557 τοῦτο
947 2505 1340 2572 προσγένηται,
1381 2497 1487 2556 κάν
1526 2502 1802 2573 πρότερον

120 2580 350 2652 αἰσχρὸν
380 2588 669 2654 φαίνηται,
708 2582 881 2641 καλὸν
910 2596 1163 2656 φανεῖται
1190 2589 1375 2660 χρυσῷ
1405 2605 1467 2655 γε
1498 2588 1799 2656 κοσμηθέν.

261 2669 386 2720 ΣΩ.
429 2665 684 2735 Ἀπειρος
706 2667 867 2723 εἰτοῦ
887 2666 1118 2738 ἀνδρός,
1163 2662 1423 2739 αἷἸππία,
1466 2666 1537 2733 ὡς
1559 2667 1800 2740 σχέτλιός

120 2746 234 2800 ἐστι
251 2749 341 2802 καὶ
358 2745 526 2804 οὐδὲν
544 2751 747 2822 ῥᾳδίως
766 2749 1187 2822 ἀποδεχόμενος.

261 2834 361 2884 ῙΠ.
406 2837 475 2887 Τί
499 2827 605 2887 οὖν
636 2839 800 2888 τοῦτο
818 2875 832 2902 ,
867 2826 911 2888 ὦ
930 2834 1253 2903 Σώκρατεςς
1289 2834 1350 2889 τὸ
1370 2832 1479 2905 γὰρ
1501 2834 1690 2902 ὀρθῶς
1709 2840 1804 2890 λε-
