2020 3094
818 151 871 197 Λ
886 149 988 196 ΤΣ
999 149 1089 196 ΙΣ.
1572 177 1581 183 -
1730 139 1799 195 67

126 307 238 358 χες·
277 282 375 339 ἐὰν
409 283 474 339 δέ
506 300 568 339 σε
606 282 881 355 διαφύγῃ,
920 279 1033 355 ὅσῳ
1070 275 1143 335 ἀν
1170 282 1331 350 μείζω
1360 294 1449 334 σοι
1478 280 1735 350 εἰρημένα
1763 270 1800 351 ᾖ

126 365 371 439 ἐγκώμια
399 366 523 435 περὶ
550 371 664 420 τῶν
695 366 994 432 παιδικῶν,
1034 361 1281 435 τοσούτῳ
1319 359 1587 431 μειζόνων
1626 359 1804 425 δόξεις

128 454 318 504 καλῶν
343 469 401 502 τε
432 448 523 502 καὶ
554 445 790 516 ἀγαθῶν
822 444 1179 515 ἐστερημένος
1208 443 1609 512 καταγέλαστος
1646 439 1800 497 εἶναι.

127 529 278 594 ὅστις
297 522 405 585 οὖν
423 525 488 583 τὰ
518 526 779 597 ἐρωτικοί,
821 547 864 580 ω
894 531 1049 596 φίλε,
1091 523 1293 595 σοφός,
1332 522 1436 580 οὐκ
1464 525 1682 580 ἐπαινεῖ
1702 519 1803 578 τὸν
1829 529 1920 575 206

125 610 408 684 ἐρώμενον
427 605 610 680 πρὶν’“
573 631 646 663 αν
665 609 779 679 ἕλῃ,
802 605 995 672 δεδιως
1011 606 1072 662 τὸ
1094 604 1335 677 μέλλον
1315 604 1423 678 όπῃ
1445 602 1799 676 ἀποβήσεται.

125 691 286 749 καὶ”
250 714 364 763 αμα
392 695 449 747 οἱ
482 694 666 759 καλοί,
705 687 931 744 ἐπειδάν
959 710 1040 752 τις
1070 685 1275 750 αὐτοὺς
1296 689 1492 759 ἐπαινῇ
1525 688 1617 742 καὶ
1644 683 1802 758 αυξῃ,

127 774 482 845 φρονήματος
510 775 874 844 ἐμπίπλανται
902 771 993 825 καὶ
1033 773 1424 840 μεγαλαυχίας·
1458 765 1494 838 ἢ
1532 766 1636 823 οὐκ
1675 775 1802 834 οἴει;

109 854 339 926 Ἐγωγε,
359 859 480 925 ἔφη.
552 851 782 909 Οὐκοῦν
804 850 917 925 οσῳ
939 873 1011 907 αν
1028 850 1492 922 μεγαλαυχότεροι
1512 853 1641 921 ὦσι,
1673 854 1805 914 δυς-

126 935 453 1006 αλωτότεροι
478 944 787 1006 γίγνονται,
821 933 989 998 Είκός
1023 954 1101 1003 γε.
1174 932 1345 998 Ποῖός
1373 954 1453 997 τις
1480 925 1585 987 οὖν
1614 930 1686 987 οἷν
1716 949 1805 987 σοι

126 1022 289 1074 δοκοῖ
300 1015 577 1090 θηρευτὴς
598 1014 764 1084 εἶναι,
802 1018 854 1070 εἰ
869 1012 1142 1086 ἀνασοβοῖ
1156 1014 1419 1085 θηρεύων
1437 1015 1527 1069 καὶ
1547 1016 1803 1069 δυσαλω-

124 1103 355 1170 τοτέραν
380 1100 483 1170 τὴν
512 1098 691 1168 ἄγραν
720 1109 895 1163 ποιοῖς
932 1103 1127 1167 Δῆλον
1154 1095 1239 1152 ὅτι
1267 1101 1495 1167 φαῦλος.
1568 1097 1677 1151 Καὶ
1697 1095 1798 1166 μὲν
1831 1111 1863 1152 Β

125 1180 191 1253 δὴ
215 1181 399 1253 λόγοις
422 1202 481 1236 τε
502 1181 593 1236 καὶ
614 1177 777 1254 ῳδαῖς
795 1179 868 1250 μὴ
888 1185 1075 1277 κηλεῖν
1099 1175 1221 1233 ἀλλ’
1244 1178 1607 1247 ἐξαγριαίνειν
1626 1173 1800 1248 πολλὴ

127 1261 392 1335 ἀμουσία·
422 1255 460 1332 ἦ
477 1259 613 1331 γάρς
647 1267 824 1316 Δοκεῖ
837 1282 945 1330 γαρ
965 1281 1070 1331 μοι.
1125 1259 1336 1315 Σκόπει
1357 1259 1426 1330 δή
1438 1302 1452 1330 ,
1477 1282 1519 1314 ω
1534 1257 1804 1315 Ἰππόθα-

126 1352 233 1414 λες,
253 1341 404 1407 ὅπως
421 1340 494 1413 μὴ
517 1348 651 1397 πᾶσι
668 1342 885 1406 τούτοις
904 1344 1100 1412 ἔνοχον
1119 1338 1326 1396 σαυτὸν
1342 1340 1572 1413 ποιήσῃς
1594 1337 1683 1395 διὰ
1701 1336 1805 1409 τὴν

125 1430 348 1497 ποίησιν
364 1445 376 1456 ·
407 1430 585 1479 καίτοι
605 1422 755 1495 οἶμαι
773 1421 880 1495 ἐγώ
902 1422 1081 1492 ἄνδρα
1102 1423 1316 1494 ποιήσει
1335 1422 1651 1494 βλάπτοντα
1672 1422 1803 1477 ἑαυ-

123 1508 225 1566 τὸν
253 1505 358 1564 οὐκ
390 1530 462 1562 αν
490 1523 551 1562 σε
580 1508 797 1562 ἐθέλειν
826 1504 1166 1577 ὁμολογῆσαι
1194 1503 1268 1570 ὥς
1299 1503 1513 1575 ἀγαθός
1537 1502 1662 1560 ποτ’
1693 1504 1803 1559 ἐστὶ

124 1590 379 1662 ποιητής,
424 1586 696 1661 βλαβερὸς
733 1611 814 1643 ων
851 1589 1044 1658 ἑαυτῷ.
1119 1585 1205 1643 Οὐ
1241 1609 1315 1658 μα
1352 1585 1453 1642 τὸν
1488 1591 1626 1655 Δία,
1669 1589 1801 1656 ἔφη·

124 1673 301 1742 πολλὴ
321 1670 428 1742 γὰρ
449 1693 521 1725 αν
540 1668 734 1739 ἀλογία
754 1677 864 1740 εἴη·
905 1668 1043 1725 ἀλλὰ
1073 1669 1162 1724 διὰ
1181 1676 1351 1724 ταῦτα
1372 1668 1439 1741 δή
1458 1685 1571 1738 σοι,
1612 1691 1654 1723 ω
1674 1666 1833 1724 Σώ-·

126 1777 349 1826 κρατες,
371 1752 802 1823 ἀνακοινοῦμαι,
840 1754 932 1807 καὶ
952 1759 1007 1808 εἰ
1018 1774 1069 1807 τι
1090 1750 1225 1808 ἄλλο
1245 1756 1407 1822 ἔχεις,
1434 1750 1802 1823 συμβούλευε,
1838 1759 1868 1802 C

124 1842 247 1894 τίνα
278 1858 348 1891 αν
377 1858 459 1900 τις
487 1835 656 1904 λόγον
676 1829 1126 1904 διαλεγόμενος’“
1089 1857 1123 1905 η
1143 1840 1198 1888 τί
1215 1834 1472 1903 πράττων
1492 1830 1803 1904 προσφιλὴς

124 1922 393 1982 παιδικοῖς
411 1918 639 1987 γένοιτο.

269 2004 348 2055 111.
425 1996 511 2054 Οὐ
529 1998 755 2071 ῥᾴδιον,
795 1992 870 2069 ἦν
892 1995 942 2052 δ’
966 1996 1072 2068 ἐγώ
1086 2039 1101 2067 ,
1133 2002 1328 2053 εἰπεῖν·
1350 1995 1474 2053 ἀλλ’
1498 2006 1553 2054 εί
1564 2019 1658 2068 μοι
1675 2002 1804 2053 ἐθε-

127 2083 317 2153 λήσαις
335 2077 509 2136 αὐτὸν
529 2087 752 2151 ποιῆσαι
772 2084 848 2144 εἰς
876 2078 1077 2149 λόγους
1107 2081 1319 2150 ἐλθεῖν,
1367 2086 1499 2144 ἴσως
1515 2075 1588 2134 ἂν
1608 2083 1804 2135 δυναί-

125 2186 237 2236 μην
263 2181 351 2219 σοι
379 2164 666 2232 ἐπιδεῖξαι,
689 2159 725 2216 ἃ
742 2162 844 2233 χρὴ
867 2159 1022 2235 αὐτῷ
1049 2166 1403 2231 διαλέγεσθαι
1431 2160 1554 2217 ἀντὶ
1585 2162 1801 2217 τούτων

130 2238 213 2301 ὦν
230 2236 386 2300 οὗτοι
405 2247 585 2314 λέγειν
601 2264 659 2299 τε
679 2244 771 2299 καὶ
790 2241 946 2316 ᾅδειν
966 2249 1106 2313 φασί
1123 2261 1197 2298 σε.
1266 2241 1410 2299 Ἀλλ’
1444 2242 1638 2315 οὐδέν,
1677 2247 1800 2316 ἔφη,

128 2326 385 2399 χαλεπόν.
425 2322 499 2380 ἂν
538 2324 645 2396 γὰρ
688 2329 939 2398 εἰσέλθῃς
976 2325 1110 2396 μετὰ
1142 2330 1471 2396 Κτησίππου
1510 2330 1674 2381 τοῦδε
1710 2326 1803 2382 καὶ

125 2409 496 2480 καθεζόμενος
526 2410 773 2479 διαλέγῃ,
812 2406 959 2478 οἶμαι
989 2407 1091 2478 μὲν
1111 2409 1201 2463 καὶ
1231 2406 1398 2473 αὐτός
1417 2425 1505 2464 σοι
1524 2409 1800 2478 πρόσεισι·

125 2492 392 2563 φιλήκοος
409 2490 535 2562 γάρ,
576 2483 619 2544 ὦ
639 2490 959 2560 Σώκρατες,
1006 2491 1382 2561 διαφερόντως
1400 2493 1539 2560 ἐστί,
1560 2493 1650 2548 καὶ
1673 2491 1800 2564 ἅμα,
1835 2507 1868 2547 D

127 2572 199 2640 ὡς
228 2572 451 2645 Ἐρματα
472 2572 706 2643 ἄγουσιν
723 2615 737 2641 ,
786 2571 1215 2644 ἀναμεμιγμένοι
1234 2577 1294 2629 ἐν
1313 2571 1492 2645 ταύτῷ
1514 2577 1652 2632 εἰσὶν
1675 2578 1730 2630 οἵ
1744 2596 1802 2630 τε

127 2661 406 2712 νεανίσκοι
441 2658 531 2710 καὶ
567 2658 622 2710 οἱ
654 2658 855 2719 παῖδες.
907 2655 1191 2724 πρόσεισιν
1229 2651 1333 2712 οὖν
1368 2674 1485 2712 σοι·
1524 2662 1575 2713 εἰ
1612 2658 1669 2713 δὲ
1706 2657 1798 2728 μή,

131 2743 427 2812 Κτησίππῳ
458 2738 710 2809 συνήθης
739 2739 849 2794 ἐστὶ
882 2736 970 2793 διὰ
1000 2738 1098 2794 τὸν
1126 2738 1331 2794 τούτου
1360 2737 1594 2805 ἀνεψιὸν
1616 2741 1801 2795 Μενέ-

125 2826 310 2888 ξενον·
348 2823 639 2894 Μενεξένῳ
673 2822 775 2891 μὲν
811 2818 918 2891 γὰρ
953 2818 1020 2891 δὴ
1058 2820 1282 2876 πάντων
1318 2821 1553 2924 μάλιστα
1590 2821 1801 2887 ἑταῖρος

1478 2905 1505 2946 5
