1962 3112
148 162 207 208 89
807 151 1173 202 ΓΟΡΓΙΑΣ.
1723 148 1828 203 287

152 293 299 345 δοκῶ
324 289 598 361 μὴκαλῶς
617 289 811 356 λέγειν.
866 290 964 341 καί
987 306 1053 355 με
1074 284 1174 339 ἐὰν
1194 285 1499 358 έξελέγχῃς,
1527 283 1630 341 οὐκ
1651 283 1822 356 ἀχθε-
1854 299 1886 342 G

151 370 438 442 σθήσομαί
462 385 551 423 σοι
582 366 768 437 ὥσπερ
799 365 871 422 σύ
906 369 1049 438 ἐμοί,
1088 362 1226 421 ἀλλὰ
1256 366 1510 437 μέγιστος
1537 364 1824 441 εὐεργέτης

150 451 274 524 παρ’
292 455 407 524 ἐμοὶ
429 450 817 522 ἀναγεγράψει.

290 539 460 589 ΚΑΛ.
499 534 655 603 Λέγε,
679 525 724 587 ως
741 530 919 602 ’γαθέ,
941 528 1108 595 αὐτὸς
1128 532 1216 585 καὶ
1236 532 1476 600 πέραινε.

290 622 439 672 Lxu.
515 621 641 671 ΣΩ.
686 614 887 670 ’Ἀκουε
916 612 982 684 δὴ
1014 618 1067 680 ἐξ
1089 612 1258 685 ἀρχῆς
1278 616 1414 684 ἐμοῦ
1444 613 1824 687 ἀναλαβόντος

152 698 250 755 τὸν
279 698 465 768 λόγον.
508 691 640 766 Ἀρα
672 696 734 751 τὸ
762 693 872 767 ἡδύ
902 698 993 752 καὶ
1021 696 1082 751 τὸ
1124 694 1348 764 ἀγαθὸν
1375 694 1436 751 τό
1472 695 1610 752 αὐτό
1643 700 1822 768 έστινς

156 778 240 836 Οὐ
258 779 489 850 ταύτόν,
527 776 599 843 ὥς
620 776 727 848 ἐγώ
747 780 837 833 καὶ
857 784 1168 848 Καλλικλῆς
1196 774 1647 849 ὡμολογήσαμεν.
1702 782 1824 838 Πό-

154 884 312 933 τερον
333 861 466 917 δὲτὸ
486 858 595 931 ἡδὺ
616 862 777 916 ἕνεκα
807 865 909 914 τοῦ
930 857 1153 928 ἀγαθοῦ
1182 860 1483 927 πρακτέον,
1519 855 1557 930 ἦ
1587 859 1649 916 τὸ
1669 860 1826 932 ἀγα-

156 943 266 1000 &dv
297 945 461 999 ἕνεκα
488 940 807 1011 τοῦ·ἡδεός;
850 940 924 996 Τὸ
954 937 1065 1011 ἡδύ
1087 940 1249 995 ἕνεκα
1277 947 1379 995 τοῦ
1397 937 1636 1011 ἀγαθοῦ.
1686 941 1824 1000 Ἡδὺ

155 1029 215 1082 δέ
229 1029 341 1080 ε’στι
358 1031 542 1094 τοῦτο,
563 1016 636 1079 οὗ
652 1025 1108 1094 παραγενομένου
1126 1020 1399 1094 ἡδόμεθα,
1425 1022 1645 1094 ἀγαθὸν
1666 1029 1725 1082 δὲ
1753 1019 1827 1082 οὖ
1851 1031 1888 1073 D

152 1107 422 1176 παρόντος
441 1103 653 1176 ἀγαθοί
669 1108 859 1176 ἐσμεν;
896 1103 1061 1159 Πάνυ
1093 1125 1171 1173 γε.
1231 1102 1388 1159 Ἀλλόι
1408 1103 1520 1176 μὴν
1539 1105 1749 1176 ἀγαθοί
1763 1113 1829 1179 γε’

151 1193 316 1261 ἐσμεν
337 1191 426 1246 καὶ
445 1187 598 1260 ἡμεῖς
618 1192 707 1245 καὶ
726 1183 895 1244 τᾶλλα
916 1186 1125 1258 πάντα,
1158 1186 1263 1243 ὅσα
1284 1187 1473 1258 ἀγαθά
1493 1192 1669 1263 ἐστιν,
1692 1191 1824 1264 ἀρε-

149 1279 245 1344 τῆς
263 1270 411 1336 τινὸς
431 1274 903 1344 παραγενομένης;
927 1271 1147 1341 Ἔμοιγε
1169 1273 1323 1326 δοκεῖ
1337 1269 1643 1341 ἀναγκαῖον
1663 1273 1819 1349 εἶναι,

149 1349 192 1411 ὦ
217 1360 547 1418 Καλλίκλεις.
583 1352 739 1409 Ἀλλὰ
757 1351 936 1425 μὲνδὴ
961 1351 995 1424 ἦ
1012 1374 1074 1422 γε
1094 1350 1259 1424 ἀρετὴ
1282 1353 1532 1426 ἑκάστου,
1547 1358 1636 1412 καὶ
1657 1357 1826 1414 σκεύ-

153 1461 252 1505 ους
270 1440 359 1494 καὶ
380 1437 631 1509 σώματος
662 1438 751 1493 καὶ
781 1443 957 1508 ψυχῆς
987 1431 1060 1491 αὖ
1091 1438 1182 1492 καὶ
1211 1436 1354 1502 ζώου
1385 1438 1618 1507 παντός,
1659 1439 1729 1494 οὐ
1747 1448 1827 1515 τῷ

154 1525 274 1592 εἰκῇ
293 1520 554 1575 κάλλιστα
575 1525 995 1589 παραγίγνεται,
1017 1515 1155 1573 ἀλλὰ
1175 1518 1321 1583 τάξει
1340 1519 1429 1574 καὶ
1450 1517 1713 1591 ὀρθότητι
1733 1524 1827 1577 καὶ

154 1602 343 1673 τέχνῃ,
379 1599 496 1671 ἥτις
516 1600 726 1674 ἑκάστω
748 1598 1076 1655 ἀποδέδοται
1109 1597 1297 1654 αὐτῶν
1311 1620 1322 1631 ·
1361 1593 1471 1669 ἀρα
1491 1605 1604 1656 ἔστι
1625 1609 1826 1669 ταῦτα;

150 1678 280 1751 Ἐγώ
302 1682 405 1753 μὲν
427 1681 534 1751 γάρ
558 1703 713 1752 φημι.
771 1682 931 1748 Τάξει
950 1674 1058 1749 ἀρα
1078 1683 1413 1752 τεταγμένον
1441 1684 1530 1736 καὶ
1551 1700 1824 1755 κεκοσμη-
1855 1688 1888 1729 Ε

150 1767 320 1834 μένον
349 1765 495 1819 ἐστὶν
521 1761 739 1834 ἡάρετὴ
770 1763 1032 1828 ἑκάστους
1069 1767 1249 1833 Φαίην
1269 1757 1341 1818 ἂν
1378 1766 1563 1832 ἔγωγε.
1601 1764 1826 1834 Κόσμος

151 1868 230 1911 τις
258 1845 367 1916 ἄρα
396 1845 753 1916 ἐγγενόμενος
782 1847 845 1900 ἐν
874 1845 1083 1918 ἑκάστῳ
1123 1841 1150 1899 ὁ
1183 1844 1421 1899 ἑκάστου
1453 1850 1652 1910 οἰκεῖος
1685 1843 1824 1916 ἀγα-

148 1927 262 1984 θὸν
275 1930 494 1998 παρέχει
512 1928 747 1982 ἕκαστον
767 1932 882 1982 τῶν
901 1924 1334 1996 ὅντωνςἜμοιγε
1354 1930 1515 1982 δοκεῖ.
1557 1929 1665 1983 Καὶ
1678 1925 1823 1999 ψυχὴ

147 2010 254 2081 ἄρα
274 2011 484 2081 κόσμον
503 2014 702 2080 ἔχουσα
721 2006 822 2064 τὸν
839 2010 1035 2079 ἑαυτῆς
1071 2007 1313 2078 ἀμείνων
1347 2015 1443 2080 τῆς
1478 2008 1825 2081 άκοσμήτου;

147 2091 397 2162 Ἀνάγκη.
430 2089 591 2147 Ἀλλὰ
605 2091 717 2162 μὴν
730 2089 836 2160 ἥγε
853 2089 1066 2161 κόσμον
1086 2095 1284 2160 ἔχουσα
1305 2096 1533 2162 κοσμία;
1569 2096 1699 2156 Πῶς
1718 2090 1826 2162 γὰρ

149 2171 219 2230 οὐ
237 2176 446 2245 μέλλεις
477 2171 542 2228 Ἡ
573 2175 637 2229 δέ
657 2193 718 2242 γε
739 2177 936 2243 κοσμία
956 2172 1229 2242 σώφρων;
1267 2170 1454 2243 Πολλὴ
1483 2170 1713 2243 ἀνάγκη.
1761 2170 1832 2228 Ἡ
1854 2185 1934 2235 50⁶1

149 2256 259 2322 ἄρα
280 2253 524 2324 σώφρων
543 2251 688 2324 ψυχὴ
713 2251 915 2324 ἀγαθή.
952 2251 1058 2322 ἐγώ
1081 2253 1182 2323 μὲν
1220 2252 1324 2309 οὐκ
1345 2259 1448 2324 ἔχω
1469 2253 1618 2326 παρὰ
1649 2260 1824 2309 ταῦτα

148 2337 288 2394 ἄλλα
315 2337 517 2406 φάναι,
540 2328 584 2391 ὦ
606 2341 728 2407 φίλε
756 2339 1103 2398 Καλλίκλεις·
1142 2332 1213 2389 σύ
1236 2332 1286 2389 δ’
1323 2340 1373 2391 εἰ
1390 2340 1549 2406 ἔχεις,
1583 2338 1820 2391 δίδασκε.

292 2426 464 2476 ΚΑΛ.
501 2417 647 2491 Λέγ’,
671 2412 714 2475 ὦ
737 2418 917 2490 ’raven

293 2507 418 2557 2:52,
458 2503 615 2571 Λέγω
642 2500 708 2572 δὴ
732 2499 831 2570 ὅτι,
853 2506 903 2557 εἰ
920 2498 952 2573 ἡ
973 2501 1216 2572 σώφρων
1239 2499 1427 2573 ἀγαθή
1448 2505 1612 2573 ἐστιν,
1633 2502 1666 2575 ἡ
1689 2501 1823 2560 τού-

152 2590 377 2643 ναντίον
407 2592 476 2656 τῇ
505 2585 757 2655 σώφρονι
785 2591 1101 2663 πεπονθυῖα
1133 2584 1275 2655 κακή
1307 2587 1479 2640 ἐστιν·
1518 2577 1588 2655 ἦν
1609 2583 1666 2640 δὲ
1683 2584 1826 2656 αὕτη

150 2664 182 2734 ἦ
203 2666 401 2738 ἄφρων
419 2689 475 2723 τε
495 2669 584 2723 καὶ
605 2665 924 2731 ἀκόλαστος.
981 2665 1146 2721 Πάνυ
1173 2687 1250 2737 γε.
1307 2667 1414 2721 Καὶ
1434 2663 1546 2736 μὴν
1565 2663 1597 2721 ὅ
1625 2687 1688 2736 γε
1710 2665 1824 2722 σώ-

152 2767 313 2817 φρων
329 2745 395 2803 τὰ
417 2747 771 2820 προσήκοντα
796 2746 1022 2818 πράττοι
1043 2743 1114 2803 ἄν
1146 2749 1236 2805 καὶ
1255 2751 1381 2819 περὶ
1401 2746 1573 2813 θεοὺς
1592 2748 1681 2803 καὶ
1701 2749 1825 2815 περὶ

152 2826 518 2901 ἀνθρώπους·
570 2827 640 2886 οὐ
679 2828 788 2901 γὰρ
826 2826 899 2886 ἄν
934 2842 1226 2901 σωφρονοῖ
1254 2828 1320 2886 τὰ
1364 2828 1437 2901 μὴ
1472 2830 1827 2902 προσήκοντα
