1962 3112
0 0 1122 37 ”mxx-:fmssvw-wffl,
1198 0 1225 13 ,ι
1263 0 1285 2 ,ε
1344 0 1347 3 .
1430 0 1434 2 ,

108 127 168 172 8⁵
661 119 1225 168 ΠΡΩΤΑΓΟΡΑΣ.
1687 116 1785 170 173

107 254 231 324 τόν,
270 246 318 310 ὦ
332 253 709 324 Πρωταγόρα,
749 251 824 317 ὥς
842 271 980 323 φησι
997 253 1276 322 Πρόδικος
1294 251 1389 308 ὅδε
1401 294 1416 321 ,
1446 250 1507 307 τὸ
1531 250 1673 308 εἶναι
1692 255 1784 308 καὶ

108 334 169 392 τὸ
190 338 454 407 γενέσθαι
469 357 479 367 ·
519 340 570 391 εί
595 332 746 406 δὲμὴ
766 332 828 390 τὸ
860 333 998 389 αὐτό
1016 338 1128 390 ἐστι
1146 332 1208 390 τὸ
1230 334 1370 391 εἶναι
1402 341 1483 409 τῷ
1501 336 1786 405 γενέσθαι,

109 418 212 475 οὐκ
232 420 455 474 ἐναντία
482 419 626 488 λέγει
643 415 673 473 ὁ
692 420 1007 488 Σιμωνίδης
1037 415 1202 482 αὐτὸς
1230 414 1396 489 αὐτῷ.
1453 418 1545 474 καὶ
1564 425 1694 482 ἴσως
1712 413 1786 472 ἂν

110 507 246 572 φαίη
264 499 540 570 Πρόδικος
559 498 654 555 ὅδε
672 501 764 555 καὶ
784 498 942 555 ἄλλοι
961 505 1173 571 πολλοί,
1196 498 1320 554 καθ’
1335 498 1609 570 Ἡσίοδον,
1630 501 1787 570 γενέ·
1821 511 1853 551 n

110 592 246 639 σθαι
266 583 368 654 μὲν
387 580 608 652 ἀγαθὰν
637 581 879 653 χαλεπὸν
902 580 1041 637 εἶναι
1055 603 1065 613 ·
1103 588 1197 653 τῆς
1227 582 1337 652 γὰρ
1358 581 1556 654 ἀρετῆς
1577 588 1787 654 ἔμπρο-

110 674 252 721 σθεν
278 664 410 730 τούς
438 663 612 729 θεοὺς
641 667 847 733 ἱδρῶτα
881 673 1096 720 θεῖναι·
1143 663 1281 719 ὅταν
1319 667 1383 721 δέ
1403 687 1484 730 τις
1511 664 1681 737 αὐτῆς
1711 671 1787 731 εἰς

108 748 287 817 ἄκρον
304 750 484 819 ἵκηται
497 789 512 817 ,
550 748 767 817 ῥητδίην
803 750 836 802 δ
841 745 1030 818 ἥπειτα
1049 748 1252 818 πέλειν,
1271 748 1517 818 χαλεπήν
1537 768 1640 819 περ
1660 751 1788 804 ἐοῦ-

108 849 215 887 σαν
226 834 544 902 ,ἐκτῆσθαι.

251 919 455 971 XXVII.
524 911 581 969 Ο
614 912 716 984 μὲν
746 906 853 967 οῦν
878 911 1158 983 Πρόδικος
1185 911 1432 977 ἀκούσας
1459 921 1631 968 ταῦτα
1652 915 1791 986 ἐπῄ-

110 1000 238 1052 νεσέ
252 1018 341 1067 με·
382 994 411 1051 ὁ
435 996 494 1051 δὲ
510 994 916 1067 Πρωταγόρας,
944 993 1019 1050 Τὸ
1041 996 1421 1067 ἐπανόρθωμα
1439 1013 1553 1063 σοι,
1585 1001 1785 1068 ἔφηω
1704 1039 1718 1067 ,

113 1080 435 1149 Σώκρατες,
473 1083 659 1150 μεῖζον
690 1078 981 1150 ἁμάρτημα
1017 1082 1124 1148 ἔχει
1156 1075 1193 1150 ἦ
1228 1077 1260 1134 ὃ
1293 1082 1641 1148 ἐπανορθοῐς.
1701 1080 1788 1134 καὶ

109 1161 218 1233 ἐγω
239 1161 412 1233 εἷπον,
435 1160 684 1217 Κακὸν”
646 1183 755 1232 αρα
775 1183 867 1232 μοι
891 1168 1200 1233 εἴργασται,
1234 1184 1308 1227 ως
1326 1166 1533 1231 ἔοικεν,
1556 1184 1598 1217 ω
1620 1168 1791 1230 Πρω-

112 1245 347 1316 ταγόρα,
391 1246 479 1299 καὶ
511 1250 625 1315 εἰμί
645 1267 725 1309 τις
754 1252 966 1314 γελοῖος
996 1243 1206 1315 ἰατρός·
1259 1243 1494 1314 ἰώμενος
1525 1249 1707 1314 μεῖζον
1724 1242 1786 1299 τὰ
1822 1258 1854 1298 Ε

114 1327 328 1399 νόσημα
349 1333 504 1383 ποιῶ.
537 1325 674 1382 Ἀλλ’
702 1325 879 1392 οὕτως
898 1330 1031 1398 ἔχει,
1054 1332 1175 1398 ἔφη.
1215 1333 1346 1392 Πῶς
1366 1327 1433 1399 δή
1446 1352 1459 1392 ;
1499 1321 1567 1399 ἦν
1589 1325 1639 1382 δ’
1664 1327 1788 1398 ε’γω’.

111 1409 299 1482 Πολλὴ
321 1408 420 1481 ἅν,
442 1415 564 1481 ἔφη,
589 1409 803 1482 α’μαθία
829 1418 911 1482 εἴη
931 1415 1032 1465 τοῦ
1051 1417 1309 1481 ποιητοῦ,
1337 1415 1388 1466 εἰ
1405 1408 1552 1466 οὕτω
1573 1410 1793 1480 φαῦλόν

113 1499 169 1549 τί
183 1510 356 1565 φησιν
377 1492 516 1549 εἶναι
535 1491 639 1564 τὴν
657 1491 861 1564 ἀρετὴν
881 1495 1163 1564 ἐκτῆσθαι,
1196 1492 1229 1548 δ’
1248 1496 1362 1550 ἐστι
1382 1494 1611 1550 πάντων
1629 1501 1792 1565 χαλε-

116 1576 399 1647 πώτατον,
441 1575 514 1642 ὥς
552 1575 724 1632 ἅπασι
763 1581 917 1632 δοκεῖ
949 1573 1287 1645 ἀνθρώποις.
1345 1577 1435 1631 καὶ
1473 1574 1578 1646 ἐγώ
1620 1575 1794 1644 εἶπον,

118 1658 207 1731 Νὴ
223 1658 322 1714 τὸν
339 1666 467 1730 Διά,
482 1662 558 1724 είς
569 1660 765 1729 καιρόν
783 1680 846 1729 γε
859 1658 1304 1729 παρατετύχηκεν
1327 1655 1460 1729 ἡμῖν
1481 1660 1543 1714 ἐν
1561 1669 1675 1723 τοῖς
1694 1657 1796 1714 λό-

118 1763 234 1812 γοις
248 1740 524 1808 Πρόδικος
553 1740 660 1796 ὅδε.
718 1742 1035 1797 κινδυνεύει
1062 1741 1169 1811 γάρ
1199 1762 1310 1811 τοι,
1353 1733 1396 1795 ὦ
1429 1739 1795 1811 Πρωταγόρα,

119 1822 152 1895 ἡ
178 1827 458 1893 Προδίκου
477 1830 645 1895 σοφία
669 1830 797 1880 θεία
814 1847 893 1890 τις
914 1822 1054 1879 εἶναι
1087 1823 1284 1891 πάλαι,
1315 1821 1440 1893 ἤτοι
1473 1821 1582 1878 άπὸ
1604 1830 1797 1894 Σιμω-
1824 1839 1912 1884 341

120 1910 279 1963 νίδου
298 1904 600 1978 ἀρξαμένη,
623 1902 659 1979 ἦ
678 1908 767 1963 καὶ
792 1911 869 1963 ἔτι
890 1911 1234 1979 παλαιοτέρα.
1278 1906 1350 1962 σύ
1372 1907 1431 1963 δὲ
1450 1904 1638 1962 ἄλλων
1657 1912 1795 1961 πολ-

118 1995 234 2046 λῶν
252 1994 505 2060 ἔμπειρος
525 1985 570 2045 ὦ
576 2012 606 2044 ν
625 1987 827 2061 ταύτης
845 1989 1070 2060 ἄπειρος
1091 1990 1230 2046 εἶναι
1250 1994 1462 2061 φαίνει,
1486 1985 1588 2059 οὐχ
1609 1987 1795 2060 ὥσπερ

117 2069 226 2143 ἐγώ
257 2076 513 2143 ἔμπειρος
545 2070 634 2127 διὰ
666 2072 728 2128 τὸ
758 2072 1014 2145 μαθητὴς
1050 2073 1188 2130 εἶναι
1217 2076 1505 2141 Προδίκου
1541 2075 1794 2126 τουτουΐ·

123 2155 214 2211 καὶ
233 2159 342 2210 νῦν
361 2176 453 2226 μοι
475 2159 654 2221 δοκεῖς
673 2154 743 2211 οὐ
762 2157 1093 2228 μανθάνειν,
1116 2155 1198 2211 ὅτι
1221 2153 1385 2212 καὶτὸ
1404 2151 1648 2227 χαλεπὸν
1664 2160 1799 2209 τοῦ-

122 2261 182 2293 το
213 2245 344 2303 ἰσως
372 2235 472 2308 οὐχ
503 2237 648 2293 οὕτω
686 2243 1003 2311 Σιμωνίδης
1034 2236 1457 2310 ὑπελάμβανεν,
1500 2235 1687 2306 ὥσπερ
1723 2234 1797 2292 σύ

127 2318 561 2393 ὑπολαμβάνεις,
595 2319 710 2376 ἀλλ’
734 2320 919 2393 ὥσπερ
949 2324 1073 2394 περὶ
1101 2328 1202 2378 τοῦ
1223 2325 1410 2377 δεινοῦ
1430 2319 1711 2392 Πρόδικός
1731 2340 1798 2391 με

120 2401 307 2460 οὑτοσὶ
329 2412 593 2460 νουθετεῖ
603 2403 854 2460 ἑκάστοτε
868 2447 882 2474 ,
905 2403 1041 2460 ὅταν
1062 2408 1305 2462 ἐπαινῶν
1318 2402 1421 2475 ἐγώ
1444 2400 1480 2476 ἢ
1492 2404 1551 2461 σὲ
1573 2399 1608 2475 ἦ
1626 2402 1799 2459 ἄλλον

119 2485 242 2543 τινὰ
264 2489 403 2556 λέγω
434 2486 518 2542 ὅτι
536 2487 912 2557 Πρωταγόρας
931 2489 1105 2558 σοφὸς
1132 2489 1221 2544 καὶ
1257 2486 1436 2552 δεινός
1466 2489 1616 2543 ἐστιν
1636 2484 1797 2557 ἀνήρ,
1830 2511 1863 2552 B

123 2571 298 2644 ἐρωτᾷ
337 2575 390 2627 εί
419 2569 522 2626 οῦκ
557 2572 886 2643 αἰσχύνομαι
923 2569 1142 2641 τάγαθὰ
1176 2568 1329 2626 δεινὰ
1351 2575 1552 2626 καλῶν.
1607 2567 1668 2625 τὸ
1691 2568 1798 2639 γὰρ

124 2652 336 2722 δεινόν,
379 2659 543 2726 φησί,
584 2654 761 2710 κακόν
781 2656 927 2709 ἐστιν
943 2675 953 2686 ·
992 2651 1174 2718 οὐδεὶς
1209 2658 1351 2723 γοῦν
1380 2654 1524 2723 λέγει
1544 2651 1800 2708 ἑκάστοτε

125 2737 313 2791 δεινοῦ
332 2737 581 2793 πλούτου
611 2736 738 2793 οὐδὲ
773 2742 955 2809 δεινῆς
976 2736 1196 2808 εἰρήνης
1217 2733 1346 2792 οὐδὲ
1369 2739 1550 2806 δεινῆς
1569 2732 1795 2805 ὑγιείας,

124 2814 263 2872 ἀλλὰ
285 2820 466 2891 δεινῆς
486 2819 660 2876 νόσον
690 2821 774 2876 καὶ
801 2826 989 2875 δεινοῦ
1008 2821 1252 2891 πολέμου
1273 2820 1362 2874 καὶ
1387 2823 1571 2889 δεινῆς
1591 2822 1798 2886 πενίας,
