2020 3094
225 116 293 170 74
838 115 1320 170 ΠΛΑΤΩΝΟΣ

362 259 492 310 V111.
573 257 758 307 Ταῦτα
797 245 905 306 οὖν
943 251 1103 323 ἡμῶν
1126 254 1407 324 λεγόντων
1446 253 1584 324 πρὸς
1619 253 1764 327 ἡμᾶς
1794 240 1895 312 αὖ·

223 335 378 404 τούς,
404 341 472 390 Τί
486 332 657 405 ὑμεῖς,
681 338 785 403 ἔφη
809 332 837 388 6
860 335 1210 406 Κτήσιππος,
1233 333 1382 390 αὐτώ
1403 337 1558 406 μόνω
1578 340 1894 410 ἑστιᾶσθον,

156 422 189 464 D
219 413 351 487 ἡμῖν
371 415 429 471 δὲ
449 414 517 470 οὐ
537 418 893 486 μεταδίδοτον
913 421 1024 470 τῶν
1044 415 1255 485 λόγων;
1283 414 1439 472 Ἀλλα
1460 417 1589 489 μήν,
1610 413 1683 490 ἦν
1703 418 1755 473 δ’
1769 419 1893 489 ἐγώ,

219 498 563 569 μεταδοτέον.
622 495 716 551 ὅδε
736 496 843 566 γάρ
867 519 918 550 τι
939 490 1019 551 ὧν
1038 501 1177 567 λέγω
1198 495 1266 552 οὐ
1288 499 1596 570 μανθάνει,
1627 499 1766 556 ἀλλά
1784 522 1893 571 φη-

220 597 310 635 σιν
330 587 546 635 οἴεσθαι
570 580 888 644 Μενέξενον
909 580 1113 633 εἰδέναι
1130 620 1145 648 ,
1184 581 1275 634 καὶ
1294 580 1507 635 κελεύει
1534 587 1732 636 τοῦτον
1754 583 1896 650 ἐρω-

222 669 341 736 τᾷν.
385 667 455 717 Τί
469 654 600 731 οὖν,
621 655 658 731 ἦ
679 660 733 716 δ’
755 660 841 731 ὅς,
866 660 969 716 οὐκ
990 664 1222 735 ἐρωτᾷςς
1264 659 1400 718 Ἀλλ’
1422 662 1714 734 ἐρήσομαι,
1747 657 1819 734 ἦν
1839 660 1888 717 δ’

219 742 343 813 ἐγώ.
382 747 478 798 καί
490 764 583 813 μοι
603 744 743 813 εἰπέ,
769 736 813 797 οἷ
830 746 1134 815 Μενέξενε,
1156 740 1186 799 ὃ
1205 743 1276 798 ἄν
1295 760 1356 798 σε
1375 747 1595 814 ἔρωμαι.
1642 743 1893 815 τυγχάνω

217 823 325 896 γὰρ
348 826 407 881 ἐκ
427 822 622 888 παιδὸς
641 826 933 894 ἐπιθυμῶν
953 824 1226 896 κτήματός
1244 846 1370 895 του,
1406 823 1589 893 ὥσπερ
1611 824 1775 890 ἄλλος
1793 823 1894 881 ἅλ-

219 913 337 962 λου.
379 904 407 961 6
432 905 533 977 μὲν
551 906 657 977 γάρ
685 927 765 970 τις
783 909 987 971 ἵππους
1006 909 1269 976 ἐπιθυμεῖ
1281 912 1520 961 κτᾶσθαι
1534 948 1547 974 ,
1569 904 1598 962 6
1621 907 1679 962 δὲ
1699 908 1891 978 κύνας,

161 991 194 1034 Ε
224 985 252 1043 ὁ
275 987 334 1043 δὲ
352 993 609 1059 χρυσίον,
649 985 677 1042 6
707 986 765 1042 δὲ
783 987 963 1057 τιμάς·
989 986 1108 1062 ,ἐγώ
1132 986 1191 1043 δὲ
1217 985 1356 1056 πρὸς
1384 990 1485 1057 μὲν
1513 993 1685 1042 ταῦτα
1707 987 1894 1059 πράως

220 1074 351 1140 ἔχω,
374 1067 511 1138 πρὸς
533 1068 590 1124 δὲ
611 1065 714 1139 τὴν
734 1075 848 1123 τῶν
867 1074 1046 1138 φίλων
1066 1074 1262 1139 κτῆσιν
1282 1067 1434 1122 πάνυ
1466 1070 1736 1137 ἐρωτικῶς
1750 1110 1765 1138 ,
1802 1071 1893 1124 καὶ

217 1156 524 1222 βουλοίμην
553 1148 623 1204 ἄν
659 1171 753 1220 μοι
782 1155 949 1220 φίλον
979 1146 1199 1219 άγαθόν
1217 1153 1478 1220 γενέσθαι
1507 1156 1719 1220 μᾶλλον
1738 1146 1774 1220 ἢ
1794 1149 1896 1222 τὸν,

218 1230 447 1302 ἄριστον
467 1235 526 1288 έν
545 1229 869 1302 ἀνθρώποις
900 1231 1107 1302 ὄρτυγα
1125 1227 1162 1302 ἦ
1189 1230 1559 1304 ἀλεκτρυόνα,
1597 1233 1687 1288 καὶ
1707 1234 1797 1288 ναὶ
1816 1230 1889 1303 μὰ

215 1319 328 1369 Δία
348 1319 519 1384 ἔγωγε
539 1318 751 1384 μᾶλλον
769 1309 806 1384 ἢ
826 1317 997 1369 ἵππον
1016 1335 1073 1368 τε
1093 1315 1184 1369 καὶ
1207 1314 1351 1369 κύνα
1365 1335 1376 1346 ·
1419 1313 1568 1385 οἶμαι
1588 1317 1674 1384 δέ,
1705 1314 1772 1385 νὴ
1794 1312 1892 1369 τὸν

216 1395 362 1450 κύνα
375 1438 389 1466 ,
421 1401 634 1466 μᾶλλον
651 1391 688 1466 ἦ
706 1392 767 1450 τό
788 1400 1035 1466 Δαρείου
1055 1402 1285 1466 χρυσίον
1303 1395 1614 1467 κτήσασθαι
1634 1399 1892 1466 δεξαίμην

216 1476 362 1531 πολὺ
382 1476 654 1546 πρότερον
675 1477 920 1547 ἑταῖρον,
942 1483 1158 1547 μᾶλλον
1174 1474 1211 1549 ἦ
1230 1475 1403 1533 αὐτὸν
1422 1486 1690 1546 Δαρεῖον·
1713 1475 1891 1541 οὕτως

101 1561 188 1607 212
218 1555 324 1627 ἐγώ
346 1557 660 1628 φιλέταιρός
677 1563 757 1623 τίς
777 1563 899 1628 εἰμι.
940 1556 1083 1629 ὑμᾶς
1101 1552 1207 1614 οὖν
1226 1556 1402 1630 ὁρῶν,
1425 1563 1488 1614 σέ
1502 1580 1559 1615 τε
1577 1560 1669 1615 καὶ
1687 1558 1885 1626 Λύσιν,

219 1642 589 1710 ἐκπέπληγμαι
614 1641 706 1695 καὶ
736 1637 1124 1710 εὐδαιμονίζω,
1163 1638 1247 1694 ὅτι
1277 1639 1421 1695 οὕτω
1459 1643 1575 1696 νέοι
1602 1638 1758 1704 ὄντες
1787 1636 1895 1694 οἶοί

218 1719 447 1777 τέστόν
466 1728 629 1777 τοῦτο
650 1719 711 1776 τὸ
732 1729 909 1792 κτῆμα
928 1723 1064 1793 ταχύ
1084 1723 1174 1778 καὶ
1194 1724 1393 1795 ῥαδίως
1412 1727 1675 1791 κτᾶσθαι,
1707 1723 1796 1775 καὶ
1817 1720 1888 1774 σύ

217 1825 275 1858 τε
294 1811 496 1859 τοῦτον
517 1802 664 1859 ου’τω
685 1810 853 1875 φίλον
871 1805 1081 1877 ἐκτήσω
1103 1806 1239 1876 ταχύ
1258 1827 1315 1861 τε
1334 1806 1426 1861 καὶ
1447 1804 1684 1904 σφόδρα,
1706 1804 1796 1858 καὶ
1815 1797 1888 1857 αὖ

218 1906 381 1950 ουτος
399 1887 484 1941 σέ·
521 1883 626 1955 ἐγω
660 1886 719 1942 δε
749 1885 896 1942 οὕτω
919 1887 1112 1957 πόρρω
1144 1889 1250 1957 εἰμὶ
1277 1909 1378 1942 του
1408 1887 1709 1957 κτήματος,
1751 1883 1889 1939 ω’στε

216 1964 339 2020 οὐδ’
361 1964 552 2021 ὅντινα
588 1966 798 2037 τρόπον
831 1975 1077 2039 γίγνεται
1112 1974 1271 2039 φίλος
1306 1969 1490 2037 ἕτερος
1527 1968 1717 2038 ἑτέρου
1746 1963 1885 2033 οἶδα,

216 2045 354 2103 ἀλλά
374 2054 548 2103 ταῦτα
571 2047 636 2120 δὴ
660 2047 800 2104 αὐτά
826 2068 887 2105 σε
906 2049 1180 2120 βούλομαι
1198 2052 1423 2119 ἐρέσθαι
1445 2047 1539 2103 ἅτε
1562 2054 1836 2119 ἔμπειρον.

357 2135 440 2185 IX.
515 2136 630 2186 Καί
649 2152 743 2202 μοι
763 2132 901 2187 εἰπέ·
942 2131 1166 2186 ἐπειδάν
1197 2136 1276 2196 τίς
1303 2153 1426 2186 τινα
1455 2137 1614 2203 φιλῇ,
1661 2130 1889 2199 πότερος

155 2222 189 2262 Β
219 2212 457 2281 ποτέρου
477 2218 636 2282 φίλος
654 2218 923 2283 γίγνεται,
954 2211 983 2269 6
1005 2219 1186 2283 φιλῶν
1203 2218 1304 2267 τοῦ
1324 2213 1666 2283 φιλουμένου
1686 2207 1720 2282 ἢ
1742 2209 1770 2267 6
1791 2233 1887 2281 φι-

214 2293 483 2363 λούμενος
501 2300 600 2349 τοῦ
619 2301 939 2364 φιλοῦντος·
975 2290 1011 2365 ἦ
1032 2293 1198 2374 οτξδεν
1227 2296 1498 2363 διαφέρει;
1539 2292 1739 2362 Οὐδέν,
1762 2297 1885 2363 ἔφη,

212 2379 396 2445 ἔμοιγε
418 2381 576 2432 δοκεῖ
588 2378 886 2447 διαφέρειν.
926 2382 1059 2441 Πως
1074 2380 1274 2446 λέγεις;
1310 2379 1380 2447 ἦν
1401 2373 1457 2431 δ’
1477 2374 1609 2446 ἐγω·
1643 2373 1882 2446 ἀμφότε-

214 2477 302 2524 ροι
324 2455 429 2525 ἄρα
450 2455 706 2529 ἀλλήλων
725 2463 876 2528 φίλοι
895 2463 1207 2528 γίγνονται,
1229 2456 1329 2513 ἐαν
1346 2458 1518 2528 μόνος
1537 2454 1566 2511 6
1587 2457 1768 2522 ε’τερος
1787 2454 1879 2509 τὸν

212 2537 403 2606 ἕτερον
423 2546 587 2612 φιλῇ;
610 2538 855 2610 Ἔμοιγε,
893 2544 1028 2610 ἔφη,
1068 2544 1231 2595 δοκεῖ.
1290 2545 1357 2594 Ίί
1384 2543 1499 2606 δαί;
1533 2534 1636 2592 οὐκ
1656 2540 1770 2591 ἔστι
1790 2558 1880 2605 φι-

213 2624 421 2674 λοῦντα
440 2618 512 2690 μὴ
534 2618 940 2690 ἀντιφιλεῖσθαι
959 2617 1068 2675 ὑπὸ
1089 2620 1294 2675 τούτου
1314 2617 1380 2673 ὃν
1398 2616 1469 2673 σ’ἱν
1489 2623 1650 2689 φιλῇς
1675 2614 1880 2670 ”Εστιν.

217 2705 288 2756 Τί
301 2703 365 2756 δέ
373 2725 388 2768 ;
422 2694 530 2770 ἆρα
561 2707 674 2757 ἔστι
692 2703 783 2757 καὶ
803 2710 1084 2772 μισεῖσθαι
1104 2707 1402 2772 φιλοῦντα;
1441 2695 1562 2755 οἷόν
1580 2719 1691 2753 που
1711 2702 1883 2754 ἐνίοτε

212 2786 444 2838 δοκοῦσι
463 2784 554 2838 καὶ
574 2787 630 2838 οἱ
644 2784 864 2852 ἐρασταὶ
883 2784 1113 2853 πάσχειν
1134 2781 1271 2852 πρὸς
1289 2783 1355 2837 τοὶ
1371 2782 1597 2836 παιδικά
1613 2802 1624 2813 ·
1647 2786 1881 2851 φιλοῦν-
