1962 3112
148 1410 231 1454 621

200 2703 232 2747 C

369 39 405 46 x,

263 49 367 103 306
875 55 1048 103 HAA
1066 54 1347 104 Tfflv02
1759 20 1762 24 ¹
1845 15 1948 110 ιοε

404 191 575 242 ΚΑΛ.
630 193 791 259 Φημί.

401 274 630 326 LXXVI.
700 274 825 323 ΣΩ.
881 267 994 323 Διά
1032 265 1190 322 ταῦτ’
1219 265 1354 337 ἄρα,
1394 265 1466 332 ὡς
1494 274 1661 336 ἔοικε,
1697 268 1794 334 τὰς
1828 271 1930 340 μὲν

264 347 430 414 ἄλλας
468 348 784 420 συμβουλὰς
822 348 1230 420 συμβουλεύειν
1257 347 1609 420 λαμβάνοντα
1641 348 1927 422 ἀργύριον,

263 428 383 485 οἷον
404 435 717 501 οἰκοδομίας
735 434 858 500 πέρι
875 426 910 500 ἦ
929 436 1042 484 τῶν
1061 428 1246 484 ἄλλων
1264 435 1488 498 τεχνῶν,
1509 428 1674 486 οὐδὲν
1687 431 1925 501 αἰσχρόν.
1958 424 1962 435 ’

403 517 573 567 ΚΑΛ.
611 510 792 567 ’Ἑοικέ
808 533 884 581 γε.

404 598 529 648 ΣιΩι.
584 595 722 661 Περὶ
753 594 815 647 δέ
845 613 907 662 γε
937 590 1136 660 ταύτης
1164 595 1259 660 τῆς
1278 590 1540 663 πράξεως,
1563 590 1738 647 ὅντιν’
1762 590 1834 647 ἄν
1851 613 1931 656 τις

263 673 471 743 τρόπον
509 670 581 738 ὡς
618 675 895 744 βέλτιστος
938 680 1019 741 εἴη
1058 673 1149 726 καὶ
1187 670 1381 741 ἄριστα
1417 671 1518 742 τὴν
1551 671 1724 728 αὐτου
1741 677 1931 729 οἰκίαν

265 758 463 809 διοικοῖ
490 750 526 824 ἢ
560 755 752 823 πόλιν,
792 751 1021 823 αἰσχρὸν
1049 750 1364 823 νενόμισται
1393 752 1476 824 μὴ
1490 754 1662 825 φάναι
1683 761 1929 826 συμβου-

267 835 464 905 λεύειν,
491 832 589 889 ἐὰν
606 835 682 906 μή
701 857 780 899 τις
804 834 951 908 αὐτῷ
973 833 1243 906 αργύριον
1263 838 1412 907 διδω.
1432 838 1466 906 ἠ
1489 836 1619 907 γάρς

402 921 571 970 ΚΑΛ.
628 921 757 971 Ναί.

401 1002 525 1052 Σῼ.
583 1003 776 1067 Δῆλον
805 1017 912 1065 γαρ
942 995 1026 1050 ὅτι
1054 1001 1217 1051 τοῦτο
1249 997 1426 1052 αἴτιόν
1462 998 1611 1052 ἐστιν
1622 1039 1638 1067 ,
1677 996 1760 1052 ὅτι
1787 998 1929 1070 μόνη

263 1076 401 1148 αὕτη
438 1100 552 1132 των
582 1075 914 1149 εὐεργεσιῶν
943 1077 1043 1131 τόν
1071 1099 1134 1131 ευ
1176 1077 1429 1133 παθόντα
1465 1081 1755 1149 ἐπιθυμεῖν
1790 1089 1934 1134 ποιεῖ

263 1158 387 1213 αντ’
409 1152 473 1213 εὖ
490 1170 694 1229 ποιεῖν,
735 1157 874 1213 ὥστε
892 1158 1066 1213 καλὸν
1086 1162 1240 1213 δοκεῖ
1251 1157 1311 1213 τὸ
1335 1170 1561 1228 σημεῖον
1589 1157 1755 1230 εἶναι,
1794 1164 1843 1214 εἰ
1868 1152 1931 1214 εὖ

266 1241 496 1310 ποιήσας
514 1238 720 1309 ταύτην
738 1238 842 1309 τὴν
857 1237 1176 1308 εὐεργεσίαν
1197 1236 1306 1294 ἄντ’
1333 1233 1396 1293 εὖ
1416 1245 1678 1295 πείσεται·
1698 1244 1748 1294 εἰ
1763 1241 1820 1295 δε
1838 1238 1928 1310 μή,

264 1319 346 1376 οὔ,
370 1325 482 1375 ἔστι
500 1327 672 1375 ταῦτα
694 1319 871 1385 οὕτως
891 1326 1109 1391 ἔχοντας

403 1407 574 1456 ΚΑΛ.
615 1401 814 1456 ’Ἑστιν

403 1487 526 1537 ΣΩ.
578 1479 691 1536 Ἐπὶ
709 1486 948 1551 ποτέραν
968 1476 1073 1537 οὖν
1088 1504 1154 1551 με
1170 1489 1499 1550 παρακαλεῖς
1510 1480 1610 1552 τὴν
1629 1487 1931 1553 θεραπείαν

264 1569 360 1633 τῆς
388 1563 625 1632 πόλεως,
665 1562 916 1633 διόρισόν
944 1584 1062 1633 μοι·
1101 1563 1203 1633 τὴν
1232 1569 1333 1616 τοῦ
1369 1563 1733 1634 διαμάχεσθαι
1762 1561 1931 1633 Ἀθη-

263 1655 457 1715 ναιοις,
482 1643 631 1708 ὅπως
654 1642 725 1708 ὡς
743 1648 1011 1715 βέλτιστοι
1030 1649 1264 1714 ἔσονται,
1289 1643 1361 1708 ὡς
1373 1645 1579 1714 ἰατρόν,
1600 1639 1637 1714 ἦ
1655 1642 1726 1707 ὡς
1746 1647 1931 1698 διακο-

265 1725 507 1795 νήσοντα
537 1727 628 1780 καὶ
659 1726 795 1795 πρὸς
824 1725 985 1795 χάριν
1021 1725 1382 1795 ὁμιλήσοντα;
1418 1724 1632 1795 τάληθῆ
1664 1746 1756 1794 μοι
1797 1724 1929 1793 εἰπέ,

264 1813 617 1871 Καλλίκλεις·
639 1810 846 1871 δίκαιος
863 1829 969 1877 γαρ
990 1806 1062 1874 εἷ,
1095 1806 1279 1876 ὥσπερ
1298 1807 1443 1876 ἤρξω
1465 1806 1931 1877 παρρησιάζεσθαι

265 1885 404 1954 πρὸς
435 1890 551 1957 ἐμέ,
593 1891 858 1942 διατελεῖν
890 1910 924 1942 α
953 1899 1097 1952 νοεῖς
1126 1891 1328 1957 λέγων·
1367 1890 1457 1942 καὶ
1485 1893 1593 1941 νῦν
1613 1887 1676 1941 εὐ
1695 1889 1785 1942 καὶ
1801 1907 1930 1953 γεν-

269 1979 433 2036 ναίως
454 1975 582 2026 εἰπέ.

405 2059 579 2109 ΚΑΛ.
635 2054 792 2122 Λέγω
811 2051 1052 2107 τοίνυν’
1023 2075 1106 2107 οτι
1128 2074 1198 2116 ως
1218 2052 1632 2123 διακονήσοντα.

403 2140 525 2189 ΣΩ.
583 2132 1053 2189 Κολακεύσοντα’
1030 2133 1137 2202 α’ρα
1159 2154 1250 2204 με,
1284 2133 1723 2203 ὠγενναιότατε,
1751 2151 1929 2204 παρα-

265 2223 460 2280 καλεῖς.

400 2302 571 2352 ΚΑΛ.
627 2303 703 2351 Εἰ’
717 2314 803 2352 σοι
825 2296 1031 2351 Μυσόν
1049 2318 1110 2367 γε
1131 2295 1291 2367 ἥδιον
1309 2303 1523 2366 καλεῖν,
1548 2318 1588 2350 ω
1614 2295 1924 2365 Σώκρατες·

266 2375 337 2441 ὡς
355 2374 492 2447 εἰμὴ
515 2377 688 2431 ταῦτά
705 2398 768 2446 γε
788 2377 1031 2447 ποιήσεις
1054 2412 1111 2418 —

401 2463 525 2512 ΣΩ.
588 2455 688 2527 Μὴ
722 2466 875 2530 εἴπῃς
904 2456 935 2513 ὅ
964 2458 1225 2523 πολλάκις
1245 2466 1490 2528 εἴρηκας,
1530 2456 1614 2512 ὅτι
1642 2454 1930 2510 ἀποκτενεῖ

262 2558 329 2606 με
348 2535 377 2591 ὁ
398 2537 735 2608 βουλόμενος
748 2581 763 2609 ,
783 2542 875 2594 ἵνα
894 2538 967 2609 μὴ
987 2533 1060 2594 αὖ
1078 2541 1168 2595 καὶ
1188 2538 1292 2609 ἐγώ
1313 2547 1446 2594 εἴπω
1459 2579 1474 2608 ,
1505 2536 1589 2593 ὅτι
1609 2536 1848 2606 πονηρός
1865 2558 1926 2606 γε

265 2613 345 2671 οἷν
363 2614 584 2685 άγαθόν
604 2617 763 2673 ὄντα·
802 2618 931 2689 μηδ’
964 2619 1048 2674 ὅτι
1077 2619 1441 2691 ἀφαιρήσεται
1469 2616 1564 2673 ἐάν
1588 2640 1638 2672 τι
1670 2622 1798 2687 ἔχω,
1834 2620 1926 2671 ἰ’να

261 2696 334 2768 μὴ
366 2691 439 2751 αὖ
470 2696 578 2768 ἐγώ
610 2706 743 2754 εἴπω
774 2697 858 2753 ὅτι
888 2698 1008 2755 ἀλλ’
1043 2700 1383 2772 ἀφελόμενος
1411 2698 1512 2769 οὐχ
1546 2699 1647 2763 ἕξει
1674 2697 1704 2753 ὅ
1723 2720 1773 2753 τι
1794 2696 1925 2768 χρή-
