1962 3112
205 91 310 143 456
822 53 996 139 ΠΛΑ
1014 51 1298 173 ΤῼΝΟΣ
1467 54 1472 58 ’
1500 116 1503 120 -
1823 99 1879 144 94
1958 45 1960 58 ³

207 229 422 282 παίδων
442 226 534 280 καὶ
563 226 1050 294 διαφθειρομένων
1078 223 1312 292 μάλιστα
1333 231 1575 279 πείσεται
1594 231 1662 296 τῇ
1680 243 1872 294 παροι-

209 313 331 380 μίᾳ·
368 305 498 361 οὔτε
525 305 632 375 γάρ
656 310 865 376 χαίρων
894 303 1023 359 οὔτε
1045 304 1392 374 λυπούμενος
1413 304 1557 376 ἄγαν
1576 307 1876 377 φανήσεται

210 387 299 443 διὰ
320 386 381 444 τό
412 386 561 460 αὑτῷ
587 389 930 441 πεποιθέναι.
978 386 1264 450 τοιούτους
1285 389 1344 441 δὲ
1361 384 1516 457 ἡμεῖς
1533 409 1595 456 γε
1617 386 1878 458 ἀξιοῦμεν

145 479 179 522 Β
210 474 302 527 καὶ
321 469 451 534 τοῦς
473 468 771 541 ἡμετέρους
790 467 929 523 εἶναι
957 470 1046 523 καὶ
1079 467 1400 538 βουλόμεθα
1431 471 1522 523 καὶ
1543 471 1751 539 φαμέν,
1787 472 1878 524 καὶ

206 551 351 623 ἡμᾶς
372 549 578 614 αὐτοὺς
596 556 706 604 νῦν
725 551 1034 620 παρέχομεν
1052 550 1355 618 τοιούτους,
1374 549 1476 605 οὐκ
1496 549 1880 621 ἀγανακτοῦν-

206 656 303 697 τας
333 631 464 688 ούδὲ
495 633 882 703 φοβουμένους
901 633 1069 701 ἄγαν,
1093 637 1142 688 εί
1169 637 1256 688 δεῖ
1276 640 1539 707 τελευτᾷν
1560 636 1619 690 ἐν
1639 640 1714 707 τῷ
1736 655 1879 702 παρ-

221 715 340 770 ἱντι.
402 713 646 784 δεόμεθα
683 714 750 784 δὴ
791 715 881 768 καὶ
918 717 1168 782 πατέρων
1207 719 1294 770 καὶ
1333 717 1609 786 μητέρων,
1641 721 1707 788 τῇ
1742 713 1881 787 αὐτῇ

214 797 381 870 ταύτῃ
419 801 636 865 διανοίᾳ
674 800 990 866 χρωμένους
1030 795 1130 851 τὸν
1167 801 1455 852 ἐπίλοιπον
1487 802 1611 867 βίον
1650 797 1876 866 διάγειν,

207 883 298 937 καὶ
321 882 550 947 εἰδέναι,
594 877 678 933 ὅτι
698 877 765 933 οὐ
794 886 1138 948 θρηνοῦντες
1159 879 1288 934 οὐδὲ
1317 878 1724 949 ὀλοφυρόμενοι
1741 875 1881 949 ἡμᾶς

206 961 338 1034 ἡμῖν
361 961 595 1032 μάλιστα
620 968 940 1031 χαριοῦνται
955 1004 969 1031 ,
1007 959 1119 1016 ἀλλ’
1144 970 1195 1016 εῖ
1208 984 1288 1025 τις
1308 966 1419 1016 ἔστι
1437 974 1549 1025 τοῖς
1567 969 1880 1031 τετελευτη-

151 1049 183 1091 G
213 1043 372 1098 κόσιν
393 1051 651 1112 αἴσθησις
669 1048 781 1096 τῶν
800 1041 1035 1112 ζώντων,
1059 1041 1234 1106 οὕτως
1254 1042 1532 1112 ἀχάριστοι
1553 1041 1661 1096 εἶεν
1681 1038 1752 1096 ἂν
1772 1033 1881 1111 μοί-

209 1132 396 1194 λιστα,
437 1123 666 1186 ἑαυτούς
706 1143 763 1176 τε
793 1129 1095 1186 κακοῦντες
1125 1126 1214 1178 καὶ
1244 1126 1454 1194 βαρέως
1490 1128 1753 1192 φέροντες
1785 1121 1882 1187 τὰς

211 1205 505 1276 συμφοράς
519 1227 529 1236 ·
570 1205 796 1272 κούφως
816 1205 874 1260 δὲ
894 1206 984 1260 καὶ
1003 1211 1232 1276 μετρίως
1252 1203 1458 1276 μάλιστ’
1475 1202 1545 1259 ἄν
1561 1209 1880 1274 χαρίζοιντο.

210 1287 276 1343 τοὶ
307 1288 407 1358 μὲν
433 1287 538 1356 γὰρ
566 1284 802 1356 ἡμέτερα
842 1287 1105 1356 τελευτὴν
1132 1286 1256 1356 ἤδη·
1276 1287 1406 1356 ἕξει,
1444 1285 1584 1357 ἤπερ
1621 1292 1878 1354 καλλίστη

210 1375 456 1440 γίγνεται
475 1366 823 1437 ἀνθρώποις,
847 1366 985 1422 ὥστε
1017 1370 1210 1436 πρέπει
1240 1365 1381 1421 αὐτοὶ
1413 1374 1626 1437 μᾶλλον
1655 1378 1881 1438 κοσμεῖν

209 1449 244 1522 ἦ
269 1460 533 1521 θρηνεῖν·
571 1456 857 1518 γυναικῶν
888 1449 946 1504 δὲ
963 1455 1077 1503 τῶν
1099 1447 1386 1519 ἡμετέρων
1409 1450 1499 1504 καὶ
1528 1452 1742 1504 παίδων
1761 1451 1880 1503 ἐπι·

209 1533 540 1604 μελούμενοι
557 1532 648 1587 καὶ
666 1532 961 1600 τρέφοντες
989 1532 1079 1584 καὶ
1099 1532 1344 1585 ἐνταῦθα
1367 1529 1467 1585 τὸν
1487 1537 1628 1585 νοῦν
1646 1532 1880 1599 τρέπον-

209 1637 296 1680 τες
325 1622 421 1685 τῆς
441 1636 498 1669 τε
529 1613 694 1683 τύχης
722 1610 943 1683 μάλιστ’
968 1608 1037 1666 ὄίν
1065 1612 1174 1667 εἷεν
1203 1616 1263 1668 ἐν
1292 1614 1442 1686 λήθῃ
1474 1615 1563 1669 καὶ
1593 1618 1728 1685 ζῷεν
1746 1614 1881 1669 κοίλ-

148 1707 184 1749 Ι)
216 1705 336 1753 λιον
355 1699 445 1752 καὶ
465 1696 774 1766 ὀρθότερον
803 1697 894 1750 καὶ
923 1693 1054 1765 ἡμῖν
1083 1699 1565 1766 προσφιλέστερον.
1621 1702 1793 1751 ταῦτα
1813 1697 1880 1766 δὴ

211 1776 373 1834 ἱκανὰ
404 1787 516 1841 τοῖς
544 1774 825 1847 ἡμετέροις
855 1775 980 1846 παρ’
1002 1775 1159 1846 ἡμῶν
1189 1775 1497 1846 ἀγγέλλειν·
1538 1782 1602 1849 τῇ
1637 1777 1695 1831 δὲ
1722 1777 1879 1831 πόλει

210 1855 697 1930 παρακελευοίμεθ’
722 1854 812 1926 ἂν,
839 1856 986 1921 ὅπως
1021 1856 1153 1928 ἡμῖν
1182 1860 1272 1912 καὶ
1301 1860 1554 1928 πατέρων
1582 1860 1674 1914 καὶ
1713 1860 1880 1913 υἱέων

210 1939 655 2011 ἐπιμελήσονται,
693 1936 823 2002 τούς
850 1939 952 2007 μὲν
982 1939 1337 2004 παιδεύοντες
1368 1945 1632 2010 κοσμίως,
1671 1937 1801 2003 τοῦς
1822 1939 1879 1994 δὲ

208 2027 691 2094 γηροτροφοῦντες
719 2018 905 2085 αξίως·
959 2026 1067 2074 νῦν
1101 2021 1159 2076 δε
1190 2029 1348 2091 ἴσμεν
1391 2019 1501 2089 ὅτι,
1545 2022 1634 2076 καὶ
1671 2018 1770 2075 ἐὰν
1805 2019 1878 2090 μὴ

208 2103 362 2175 ἡμεῖς
382 2104 916 2173 παρακελευώμεθα,
941 2126 1143 2168 ικανως
1163 2103 1560 2174 ἐπιμελήσεται

349 2192 481 2242 ΧΧΙ.
564 2192 750 2240 Ταῦτα
770 2189 900 2256 οὐν,
933 2208 974 2240 ω
1005 2190 1195 2250 παῖδες
1225 2188 1313 2239 και
1342 2197 1523 2254 γονεῖς
1549 2190 1662 2239 τῶν
1691 2193 1880 2240 τελευ-

144 2290 178 2334 Ε
209 2269 523 2340 τησοὲντων,
557 2271 758 2324 ἐκεῖνοί
773 2291 829 2323 τε
850 2272 1187 2339 ἐπέσκηπτον
1208 2266 1339 2338 ἡμῖν
1361 2268 1747 2337 ἀπαγγέλλειν,
1791 2290 1880 2322 και

208 2350 315 2422 ἐγώ
360 2348 431 2415 ὡς
472 2350 711 2421 δύναμαι
745 2352 1145 2422 προθυμότατα
1176 2350 1527 2421 ἀπαγγέλλω·
1595 2353 1683 2405 καὶ
1715 2349 1880 2414 αὐτὸς

213 2436 402 2502 δέομαι
434 2431 574 2502 ὑπὲρ
618 2436 872 2498 ἐκείνων,
908 2439 1021 2489 τῶν
1051 2434 1154 2501 μὲν
1186 2441 1472 2503 μιμεῖσθαι
1506 2433 1637 2497 τοὺς
1674 2431 1876 2500 αὑτοῖν,

211 2520 323 2568 τῶν
345 2515 401 2569 δὲ
420 2523 658 2585 θαρρεῖν
675 2514 814 2585 ὑπὲρ
842 2513 1057 2587 αὐτῶν,
1099 2515 1171 2580 ὠς
1199 2514 1359 2587 ἡμῶν
1396 2519 1486 2571 καὶ
1517 2520 1628 2588 ἰδίᾳ
1658 2517 1748 2571 καὶ
1781 2518 1876 2585 δη-

211 2602 375 2668 μοσίᾳ
393 2596 930 2667 γηροτροφησόντων
950 2596 1091 2668 ὑμᾶς
1114 2599 1203 2652 καὶ
1223 2600 1714 2668 ἐπιμελησομένων,
1736 2596 1881 2652 ὅπου

211 2672 284 2731 ἂν
303 2678 530 2741 ἕκαστος
551 2678 759 2751 ἑκάστῳ
782 2679 1087 2750 ἐντυγχάνῃ
1108 2676 1325 2752 ὁτῳοῦν
1344 2686 1455 2733 τῶν
1476 2681 1716 2733 ἐκείνων.
1782 2685 1849 2748 τῇ
1855 2701 1879 2742 ς

213 2757 272 2813 δὲ
293 2758 504 2823 πόλεως
525 2767 636 2814 ἴστε
658 2779 766 2813 που
788 2762 875 2815 καὶ
897 2759 1051 2815 αὐτοὶ
1071 2758 1172 2831 τὴν
1193 2763 1527 2831 ἐπιμέλειαν,
1569 2758 1651 2815 ὅτι
1672 2760 1880 2830 νόμους
