2020 3094
71 186 125 228 25
588 172 1134 222 ΕΤΘΤΔΗΜΟΣ.
1643 167 1743 218 133

211 316 335 367 ΣΩ.
388 311 498 364 Καὶ
528 308 636 379 γὰρ
663 310 770 376 ἔχει
806 302 1009 373 οὕτως,
1046 297 1092 358 ὦ
1127 309 1376 373 Κρίτων,
1410 304 1744 374 ευπρέπειαν

68 401 281 464 μᾶλλον
297 390 334 464 ἢ
351 391 638 463 ἀλήθειαν.
665 388 735 444 οὐ
751 388 859 458 γὰρ
878 386 1076 460 ῥᾴδιον
1093 384 1300 451 αὐτούς
1315 398 1499 442 πεῖσαι
1511 427 1526 456 ,
1548 383 1632 440 ὅτι
1650 388 1742 440 καὶ
1770 394 1858 440 306

67 476 361 544 ἅνθρωποι
387 477 475 531 καὶ
494 468 668 529 τᾶλλα
687 471 885 539 πάντα,
917 468 1022 524 ὅσα
1040 467 1242 540 μεταξὺ
1258 481 1436 525 τινοῖν
1454 471 1614 524 δυοῖν
1631 468 1744 523 ἐστὶ

67 562 160 614 καὶ
190 558 528 630 ἀμφοτέροιν
555 553 815 625 τυγχάνει
843 553 1164 622 μετέχοντα,
1203 549 1308 606 ὅσα
1343 550 1446 621 μὲν
1473 553 1532 606 ἐκ
1564 556 1745 605 κακοῦ

69 644 159 696 καὶ
180 640 430 709 ἀγαθοῦ
450 644 552 694 τοῦ
571 659 674 708 μεν
691 640 914 707 βελτιω,
952 641 1057 688 τοῦ
1076 632 1135 688 δε
1157 638 1319 703 χείρω
1338 640 1608 704 γίγνεται·
1638 631 1743 688 ὅσα

72 725 127 777 δὲ
146 725 207 778 ἐκ
226 728 386 776 δυοῖν
405 719 646 790 ἀγαθοῖν
665 718 738 789 μή
759 717 898 785 πρὸς
916 714 1150 784 ταύτόν,
1175 712 1384 785 ἀμφοῖν
1403 721 1583 786 χείρω,
1605 714 1746 810 πρὸς

65 802 100 860 ὃ
122 800 190 858 ἂν
208 803 471 870 ἑκάτερον
488 805 523 874 ᾐ
547 798 786 872 χρηστὸν
816 802 1071 868 ἐκείνων,
1110 801 1164 862 ἐξ
1188 791 1267 851 ὦν
1298 800 1598 868 συνετέθη·
1638 795 1744 852 ὅσα

69 885 131 943 δε
159 887 220 940 ἐκ
250 888 411 940 δυοῖν
440 897 634 940 κακοῖν
662 884 1002 938 συντεθέντα
1026 878 1099 951 μὴ
1130 877 1270 949 πρὸς
1302 878 1364 933 τὸ
1397 875 1534 934 αὐτὸ
1555 878 1745 934 ὄντοιν

71 970 130 1023 ἐν
158 974 236 1041 τῷ
264 971 411 1039 μέσω
442 969 581 1034 ἐστί,
620 972 793 1020 ταῦτα
823 963 968 1035 μόνα
996 968 1192 1034 βελτίω
1222 963 1485 1032 ἑκατέρου
1513 963 1744 1017 ἐκείνων
1772 970 1804 1009 Β

68 1051 231 1118 ἐστίν,
254 1071 336 1102 ων
355 1047 688 1118 ἀμφοτέρων
707 1050 871 1118 μέρος
889 1047 1226 1117 μετέχουσιν.
1276 1049 1327 1100 εί
1342 1043 1444 1115 μὲν
1465 1037 1570 1098 οὖν
1589 1041 1623 1115 ἡ
1647 1067 1745 1113 φι-

67 1135 303 1200 λοσοφία
329 1128 554 1200 ἀγαθόν
582 1132 696 1186 ἐστι
728 1130 821 1185 καὶ
847 1126 884 1199 ἡ
917 1128 1167 1200 πολιτικη
1188 1131 1410 1198 πρᾶξις,
1447 1125 1586 1198 πρὸς
1606 1126 1742 1183 α’λλο

69 1212 125 1267 δὲ
155 1214 409 1283 ἑκατέρα,
448 1204 604 1268 οὗτοι
635 1210 689 1267 δ’
710 1210 1043 1283 ἀμφοτέρων
1083 1212 1399 1282 μετέχοντες
1432 1210 1650 1266 τούτων
1682 1213 1743 1265 ἐν

65 1298 212 1366 μέσῳ
232 1300 390 1362 είσίν,
410 1292 580 1351 οὐδὲν
598 1299 856 1365 λέγουσιν
871 1316 882 1326 ·
918 1291 1251 1364 ἀμφοτέρων
1270 1292 1376 1363 γάρ
1399 1298 1503 1349 εἰσι
1523 1293 1744 1364 φαυλό-

67 1400 211 1446 τεροι
227 1400 238 1409 ·
268 1384 319 1433 εἰ
334 1378 394 1433 δὲ
414 1377 635 1448 ἀγαθὸν
655 1381 747 1434 καὶ
767 1377 942 1433 κακόν
955 1419 970 1446 ,
998 1382 1110 1431 τῶν
1130 1376 1232 1446 μὲν
1251 1380 1517 1451 βελτίους,
1549 1382 1662 1431 τῶν
1682 1375 1743 1431 δὲ

63 1466 305 1532 χείρους·
343 1467 394 1517 εί
411 1460 470 1516 δὲ
494 1459 637 1517 κακὰ
656 1459 973 1532 ἀμφότερα,
1007 1458 1184 1524 οὕτως
1204 1458 1276 1514 ἄν
1294 1481 1345 1514 τι
1364 1461 1580 1529 λέγοιεν
1603 1456 1742 1529 ἄλη-

62 1546 163 1609 θές
175 1586 192 1613 ,
212 1543 393 1610 ἄλλως
414 1543 466 1599 δ’
490 1543 764 1616 οὐδαμῶς.
804 1542 908 1599 οὐκ
929 1540 1000 1597 ἂν
1019 1536 1126 1597 οὖν
1144 1541 1294 1613 οἶμαι
1313 1540 1518 1605 αὐτοὺς
1537 1538 1742 1611 ὁμολο-

62 1631 230 1696 γῆσαι
259 1626 387 1682 οὔτε
416 1627 569 1683 κακῶ
601 1626 751 1683 αὐτώ
782 1626 1076 1698 ἀμφοτέρω
1107 1624 1247 1680 εἶναι
1278 1623 1407 1679 οὔτε
1435 1623 1496 1680 τὸ
1516 1623 1618 1695 μὲν
1638 1646 1741 1679 κα-
1771 1636 1803 1678 C

62 1708 195 1779 κόν,
216 1706 276 1763 τὸ
298 1711 356 1764 δὲ
375 1706 597 1779 ἀγαθόν
612 1732 623 1741 ·
659 1709 798 1765 ἀλλὰ
818 1715 896 1783 τῷ
916 1707 1036 1764 ὄντι
1055 1701 1211 1763 οὗτοι
1229 1706 1562 1778 ἀμφοτέρων
1580 1710 1740 1777 μετέ-

60 1812 250 1862 χοντες
284 1790 616 1862 ἀμφοτέρων
651 1790 851 1864 ἥττους
887 1794 988 1847 εἰσὶ
1026 1788 1166 1860 πρὸς
1200 1789 1491 1859 ἑκάτερον,
1533 1787 1673 1858 πρὸς
1712 1785 1744 1843 ὃ

61 1871 103 1946 ἥ
118 1895 178 1928 τε
196 1874 447 1944 πολιτικὴ
467 1876 558 1929 καὶ
574 1872 610 1945 ἡ
632 1880 936 1945 φιλοσοφία
959 1872 1091 1939 οἷξίω
1111 1872 1285 1943 λόγου
1303 1872 1492 1941 ἐστόν,
1514 1874 1606 1928 καὶ
1623 1877 1743 1939 τρί-

62 1977 147 2012 τοι
165 1955 321 2022 ὄντες
347 1962 414 2028 τῇ
436 1954 670 2029 ἀληθεία
690 1962 910 2028 ζητοῦσι
939 1963 1148 2027 πρῶτοι
1177 1958 1365 2010 δοκεῖν
1383 1954 1538 2011 εἶναι.
1599 1971 1745 2024 συγ-

61 2038 395 2109 γιγνώσκειν
429 2042 533 2109 μὲν
570 2032 679 2094 οὖν
716 2038 902 2104 αὐτοῖς
940 2037 1044 2110 χρὴ
1081 2044 1176 2110 τῆς
1210 2041 1507 2108 ἐπιθυμίας
1539 2039 1631 2092 καὶ
1668 2035 1743 2107 μὴ

65 2125 444 2191 χαλεπαίνειν,
478 2117 735 2191 ἡγεῖσθαι
762 2124 950 2191 μέντοι
985 2121 1275 2186 τοιούτους
1305 2119 1445 2176 εἶναι
1475 2117 1586 2176 οἷοί
1611 2124 1741 2175 εἰσι·

64 2200 247 2257 πάντα
283 2201 391 2271 γὰρ
425 2200 604 2271 ἄνδρα
638 2203 740 2272 χρὴ
770 2199 1021 2278 ἀγαπᾷν,
1061 2202 1210 2268 ὅστις
1246 2205 1337 2259 καὶ
1373 2199 1566 2258 ὁτιοῦν
1602 2205 1744 2272 λέγει

62 2284 327 2356 ὁχόμενον
357 2284 684 2355 φρονήσεως
704 2292 929 2356 πρᾶγμα
960 2287 1051 2342 καὶ
1072 2283 1340 2355 ἀνδρείως
1368 2285 1600 2350 ἐπεξιών
1620 2288 1743 2340 δια·
1776 2292 1813 2333 Β

43 2358 320 2426 ιἷὲκονεῖται.

205 2456 405 2506 ΧΧΧΙΙ.
480 2457 590 2507 ΚΡ.
651 2452 760 2506 Καὶ
793 2451 932 2522 μήν,
991 2446 1034 2507 ὦ
1070 2452 1389 2522 Σώκρατες,
1447 2452 1536 2507 καὶ
1573 2448 1742 2516 αὐτὸς

58 2534 315 2602 περὶτῶν
335 2538 527 2600 υἱέων,
551 2532 736 2602 ὥσπερ
756 2531 840 2589 ἀεὶ
863 2534 1004 2603 πρός
1024 2552 1084 2590 σε
1104 2535 1273 2604 λέγω,
1304 2536 1368 2590 ἐν
1386 2532 1590 2607 ἀπορίᾳ
1612 2538 1737 2604 εἰμι’,

59 2620 119 2670 τί
148 2618 234 2671 δεῖ
266 2614 453 2683 αὐτοῖς
491 2618 822 2687 χρήσασθαι.
878 2614 906 2673 ὁ
946 2614 1049 2688 μὲν
1086 2610 1191 2671 οὖν
1228 2615 1496 2687 νεώτερος
1533 2619 1612 2671 ἔτι
1648 2618 1739 2671 καὶ

60 2698 291 2767 σμικρός
317 2702 455 2770 ἐστι,
493 2702 870 2772 Κριτόβουλος
900 2698 954 2755 δ’
986 2698 1089 2772 ἤδη
1120 2698 1341 2771 ἡλικίαν
1371 2705 1477 2770 ἔχει
1505 2703 1595 2754 καὶ
1625 2702 1737 2754 δεῖ-

50 2784 156 2856 Ιταί
187 2802 363 2852 τινος,
400 2779 551 2848 ὅστις
590 2782 763 2838 αὐτὸν
799 2781 1002 2855 ὀνήσει.
1062 2781 1164 2853 ἐγώ
1204 2784 1304 2853 μὲν
1342 2775 1447 2837 οὖν
1486 2781 1623 2837 ὅταν
1653 2783 1738 2836 σοὶ

59 2864 433 2933 ξυγγένωμαι,
472 2863 619 2919 οὕτω
644 2868 985 2936 διατίθεμαι,
1025 2863 1162 2919 ὥστε
1197 2887 1290 2935 μοι
1320 2868 1506 2920 δοκεῖν
1534 2869 1740 2935 μανίαν
