1994 3100
734 111 1185 160 ΧΑΡΜΙΔΗΣ.
1729 115 1798 166 25

120 245 355 316 στήμην·
394 245 486 300 καὶ
514 265 646 310 τους
666 243 869 308 ἄλλους
889 242 955 314 δὴ
976 244 1206 300 κάλλιον
1224 245 1462 311 ἐξετάσει
1482 248 1605 315 περὶ
1627 240 1708 302 ὦν
1727 244 1799 302 ἄν

119 330 211 384 καὶ
240 324 405 392 αὐτὸς
433 327 615 399 μα’θῃ,
655 331 713 382 οἰ
738 327 796 383 δὲ
816 327 956 382 ἄνευ
975 327 1180 382 τούτου
1206 327 1542 395 ἐξετάζοντες
1560 324 1800 384 α’σθενέ-

117 427 316 481 στερον
339 411 430 466 καὶ
460 410 814 479 φαυλότερον
845 416 1010 465 τοῦτο
1045 409 1381 477 δράσουσιν,
1420 405 1533 481 ἆρ’,
1575 404 1621 466 ὦ
1653 416 1798 483 φίλε,

117 490 329 548 τοιαῦτ’
371 492 506 547 ἅττα
542 495 691 549 ἐστὶν
730 490 767 547 δι’
802 490 1240 563 α’πολαυσόμεθα
1274 500 1371 565 τῆς
1406 493 1797 566 σωφροσύνης,
1833 505 1867 546 0

114 571 268 646 ἡμεῖς
299 575 358 631 δὲ
387 574 572 645 μεῖζόν
602 597 655 629 τι
681 577 958 647 βλέπομεν
986 576 1077 630 καὶ
1102 580 1370 647 ζητοῦμεν
1387 575 1522 632 αὐτὸ
1547 576 1729 648 μεῖζόν
1749 598 1801 632 τι

117 655 259 713 εἶναι
275 653 313 728 ἦ
332 656 471 712 ὅσον
486 659 665 720 ἐστίν;
707 657 856 727 Τάχα
879 654 931 711 δ’
956 657 1045 725 ἄν,
1068 662 1192 730 ἔφη,
1214 658 1392 724 οὕτως
1412 665 1541 730 ἒχοι.

257 745 368 795 XX.
426 739 616 810 Ἴσως,
653 733 726 810 ἦν
745 738 798 795 δ’
820 739 928 810 ἐγω’
943 760 954 772 ·
998 747 1128 804 ἴσως
1147 743 1210 796 δέ
1224 762 1288 811 γε
1305 739 1459 812 ἡμεῖς
1477 740 1645 798 οὐδὲν
1663 766 1800 816 χρη-

114 821 251 879 στόν
267 823 616 895 ἐζητήσαμεν.
638 827 997 894 τεκμαίρομαι
1017 826 1103 893 δέ,
1135 822 1220 879 ὅτι
1238 846 1332 894 μοι
1352 822 1515 880 ἅτοπ’
1538 824 1673 881 ἅττα
1697 848 1799 882 κα-

113 913 439 976 ταφαίνεται
459 908 582 979 περὶ
601 906 972 977 σωφροσύνης
986 948 1000 975 ,
1037 911 1088 962 εἰ
1102 906 1360 962 τοιοῦτόν
1386 909 1551 963 ἐστιν.
1591 912 1799 981 ἴδωμεν

112 990 247 1061 γάρ,
288 994 340 1045 εἰ
364 990 585 1062 βούλει,
626 989 1080 1060 συγχωρήσαντες
1107 990 1197 1044 καὶ
1227 991 1555 1046 ἐπίστασθαι
1573 994 1798 1064 ἐπιστή-

111 1094 224 1144 μην
245 1069 491 1128 δυνατὸν
508 1071 650 1128 εἶναι
668 1074 910 1143 [εἰδέναι]
925 1114 941 1143 ,
981 1073 1071 1128 καὶ
1102 1070 1135 1126 ὅ
1153 1094 1216 1142 γε
1236 1074 1289 1138 ἐξ
1309 1071 1479 1146 ἀρχῆς
1498 1076 1798 1147 ἐτιθέμεθα

112 1155 490 1227 σωφροσύνην
508 1155 675 1227 εἶναι,
705 1154 768 1212 τὸ
790 1157 994 1212 εἰδέναι
1019 1154 1056 1209 ὅ
1074 1176 1132 1210 τε
1156 1154 1269 1211 οἶδε
1287 1158 1379 1212 καὶ
1400 1154 1436 1211 οἳ
1454 1155 1527 1228 μὴ
1547 1156 1688 1230 οἶδε,
1720 1158 1794 1231 μὴ

111 1236 607 1310 ἀποστερήσωμεν,
645 1237 786 1295 ἀλλὰ
817 1242 1027 1310 δῶμεν·
1065 1240 1158 1294 καὶ
1184 1239 1365 1295 πάντα
1393 1247 1566 1296 ταῦτα
1603 1241 1795 1308 δόντες
1828 1257 1863 1296 D

113 1325 192 1377 ἔτι
220 1326 439 1393 βέλτιον
458 1321 794 1393 σκεψώμεθα
809 1365 822 1390 ,
845 1325 897 1377 εἰ
910 1319 1021 1391 ἄρα
1050 1343 1102 1377 τι
1125 1323 1216 1378 καὶ
1238 1321 1380 1393 ἡμᾶς
1398 1323 1590 1396 ὀνήσει
1608 1330 1799 1380 voco&-

111 1426 213 1463 τον
231 1404 313 1462 ὅν.
352 1402 388 1461 ἃ
414 1404 523 1477 γὰρ
553 1411 663 1461 νῦν
683 1403 750 1476 δὴ
773 1406 1051 1476 ἐλέγομεν,
1075 1402 1148 1470 ὡς
1165 1408 1304 1476 μέγα
1324 1403 1396 1461 ἂν
1416 1415 1499 1479 εἴη
1520 1404 1798 1479 ἆγαθὸνὴ

113 1488 482 1560 σωφροσύνη,
518 1493 569 1545 εί
594 1494 851 1545 τοιοῦτον
880 1496 990 1559 εἰη,
1031 1485 1310 1561 ἡγουμένη
1350 1492 1672 1563 διοικήσεως
1707 1495 1799 1548 καὶ

112 1576 287 1637 οἰκίας
316 1573 408 1628 καὶ
436 1572 679 1642 πόλεως,
718 1570 788 1627 οὔ
816 1593 910 1642 μοι
933 1575 1239 1643 δοκοῦμεν,
1286 1567 1330 1628 ὦ
1353 1579 1575 1645 Κριτία,
1617 1581 1799 1640 καλῶς

114 1652 546 1727 ὡμολογηκέναι.
616 1661 747 1720 Πως
767 1654 863 1726 δή,
895 1648 931 1725 ἦ
952 1653 1002 1710 δ’
1041 1654 1118 1719 ὅς.
1171 1654 1319 1727 “Οτι,
1349 1651 1494 1729 ηνδ’
1519 1656 1657 1729 ἐγω’,
1693 1661 1798 1732 ῥα-

113 1741 243 1803 δίως
271 1735 705 1810 ωμολογήσαμεν
734 1740 874 1809 μέγα
902 1760 954 1793 τι
984 1736 1205 1809 ἀγαθὸν
1241 1738 1380 1795 εἶναι
1416 1751 1529 1806 τοῖς
1566 1738 1795 1813 ανθρω-

113 1841 266 1890 ποις,
299 1821 396 1877 εί”
364 1838 587 1877 εκαστοι
606 1819 795 1893 ἡμων,
826 1819 861 1876 ἁ
853 1820 984 1892 μὲν
1005 1828 1177 1891 ἴσασι,
1210 1843 1504 1893 πραττοιεν
1521 1831 1724 1895 ταῦτα,
1759 1822 1796 1879 ὁὶ

112 1902 172 1960 δὲ
189 1925 263 1975 μη
283 1906 624 1973 ἐπίσταιντο,
658 1903 845 1970 ἄλλοις
873 1908 1232 1973 παραδιδοῖεν
1262 1918 1376 1971 τοῖς
1396 1908 1791 1979 ἐπισταμένοις.

114 1983 236 2042 Οὐκ
257 1979 389 2055 οὖν,
410 1990 544 2058 ἔφη,
577 1994 758 2052 καλως
779 1984 1238 2060 ωμολογήσαμεν,
1281 1989 1369 2045 Οὔ
1388 2012 1481 2061 μοι
1501 1994 1794 2062 δοκοῦμεν,
1827 2011 1861 2052 Ε

109 2060 183 2139 ἦν
203 2066 252 2123 δ’
276 2068 402 2138 ἐγώ.
450 2068 662 2125 ’Ἁτοπα
680 2073 853 2141 λέγεις
873 2069 946 2137 ὥς
966 2069 1194 2143 ἆληθως
1208 2115 1224 2143 ,
1254 2076 1390 2144 ἔφη,
1417 2096 1459 2128 ω
1479 2073 1791 2143 Σώκρατες.

113 2149 204 2221 Nm}
222 2148 322 2207 τὸν
340 2151 515 2222 κύνα,
537 2156 706 2223 ἔφην,
749 2156 839 2209 καὶ
860 2156 988 2224 ἐμοί
1010 2177 1095 2211 τοι
1116 2159 1274 2211 δοκεῖ
1286 2154 1462 2227 οὕτω,
1499 2156 1794 2212 κάνταῦθα

111 2232 269 2290 ’‘al''
232 2255 358 2303 αρτι
391 2233 708 2306 ἀποβλέψας
743 2235 920 2292 ἄτοπα
955 2236 1013 2308 γ’
1050 2243 1192 2309 ἔφην
1229 2261 1323 2309 μοι
1358 2244 1791 2310 προφαίνεσθαι,

111 2318 205 2372 καὶ
227 2315 313 2373 ὅτι
344 2323 623 2389 φοβοίμην
654 2317 728 2389 μὴ
763 2316 866 2374 οὐκ
898 2316 1086 2389 ὀρθῶς
1115 2332 1430 2392 σκοποῖμεν.
1476 2318 1548 2387 ὡς
1565 2319 1793 2393 ἀληθῶς

110 2398 248 2471 γάρ,
281 2398 381 2454 εἰ
347 2421 376 2455 ο
397 2422 447 2454 τι
466 2401 702 2471 μάλιστα
722 2401 979 2458 τοιοῦτόν
998 2401 1192 2458 ἐστιν
1164 2425 1200 2474 η
1222 2403 1589 2476 σωφροσύνη,
1622 2403 1792 2461 οὐδέν

28 2487 30 2491 ’
111 2503 206 2552 μοι
247 2485 419 2553 δῆλον
450 2482 589 2540 εἶναι
627 2484 847 2540 δοκεῑ”
814 2510 842 2541 ο
886 2508 937 2541 τι
973 2483 1194 2556 ἀγαθὸν
1232 2484 1377 2558 ἡμᾶς
1414 2484 1790 2559 απεργοὶζεται.
1828 2502 1908 2548 173

29 2589 35 2602 ¹
113 2569 243 2629 Πως
265 2565 364 2635 δή,
397 2558 436 2636 ἦ
456 2564 506 2621 δ’
528 2566 603 2632 ὅς.
646 2570 794 2639 λέ,γε
828 2572 921 2624 ἵνα
941 2571 1032 2624 καὶ
1051 2566 1205 2641 ἡμεῖς
1224 2568 1497 2641 εἰδῶμεν
1475 2569 1509 2625 0'
1527 2593 1578 2626 τι
1598 2571 1789 2641 λέγεις.

27 2637 38 2653 ’
117 2645 282 2718 Οἶμαι
300 2651 431 2747 afar,
467 2643 541 2720 ἦν
560 2649 614 2705 δ’
636 2651 771 2722 ἐγώ,
815 2658 1003 2723 ληρεῖν
1021 2672 1114 2722 με·
1145 2649 1294 2723 ὅμως
1311 2652 1373 2708 τό
1391 2675 1453 2723 γε
1474 2653 1792 2724 προφαινό-

113 2750 286 2799 μενον
316 2727 625 2800 ἆναγκαῖον
642 2746 872 2790 σκοπεῖν
900 2735 990 2790 καὶ
1011 2732 1084 2806 μὴ
1108 2738 1227 2808 εἰκῇ
1245 2738 1526 2807 παριέναι,
1565 2744 1619 2793 εἴ
1633 2745 1711 2801 τίς
1729 2758 1791 2807 γε

27 2827 34 2898 ss
111 2809 288 2868 αὐτοῦ
308 2816 399 2869 καὶ
417 2813 654 2885 σμικρὸν
675 2816 910 2886 κήδεται.
974 2822 1174 2884 Καλῶς
1190 2818 1299 2890 γάρ
1315 2860 1330 2889 ,
1353 2824 1457 2890 ἔφη
1473 2861 1487 2890 ,
1511 2820 1700 2889 λέγεις.
