1962 3112
104 199 164 247 99
684 193 1202 243 ΚΛΕΙΤΟΦΩΝ.
1686 190 1790 244 461

106 350 157 382 τι
184 330 449 396 πράττειν
466 333 724 384 τοιοῦτον
741 370 754 384 ,
793 335 895 382 τοῦ
913 329 1015 397 μὲν
1035 326 1301 395 ἄρξοντος
1319 324 1566 398 α’μελεῖν,
1589 330 1712 396 περὶ
1733 326 1792 383 δὲ

107 408 166 464 τὸ
198 408 510 482 ἄρξόμενον
538 411 965 465 ἐσπουδακέναι·
1005 409 1096 463 καὶ
1124 406 1261 462 ὅταν
1288 410 1451 479 λέγῃς
1481 406 1554 472 ὥς
1582 408 1691 482 ὅτῳ
1711 430 1792 472 τις

106 489 178 560 μή
198 493 481 547 ἐπίσταται
498 495 770 560 χρῆσθαι,
808 498 1060 557 κρεῖττον
1088 490 1190 560 ἐᾷν
1218 486 1321 559 τὴν
1341 489 1546 546 τούτου
1565 498 1764 561 χρῆσιν
1778 511 1789 522 ·

106 576 158 627 εἰ
175 572 242 644 δή
260 595 342 638 τις
369 572 443 644 μὴ
471 575 753 628 ἐπίσταται
782 565 1096 638 ὀφθαλμοῖς
1113 577 1358 640 χρῆσθαι
1375 572 1512 641 μηδὲ
1534 569 1634 628 ωσὶ
1653 573 1791 643 μηδὲ

107 653 381 724 ξύμπαντι
399 660 477 727 τῷ
495 652 724 723 σώματι,
746 650 925 723 τούτῳ
944 650 1079 720 μήτε
1101 649 1331 707 ἀκούειν
1345 652 1487 724 μήθ’
1510 653 1652 728 ὁρᾷν
1670 650 1787 726 μήτ’

106 733 283 805 ἄλλην
313 741 503 806 χρείαν
529 736 803 804 μηδεμίαν
832 739 1074 802 χρῆσθαι
1111 738 1187 806 τῷ
1225 734 1436 804 σώματι
1472 747 1724 805 κρεῖττον
1753 729 1790 804 ἢ

106 813 327 887 ὁπῃοῦν
355 823 611 887 χρῆσθαι.
650 816 741 870 καὶ
762 812 827 885 δὴ
851 816 941 868 καὶ
959 818 1082 884 περὶ
1102 816 1300 886 τέχνην
1319 814 1607 882 ωσαύτως·
1641 815 1790 880 ὅστις
1818 829 1905 876 408

106 899 214 970 γὰρ
245 901 312 972 δὴ
342 900 415 972 μὴ
447 903 727 956 ἐπίσταται
745 905 814 971 τῇ
834 899 1036 953 ἑαυτοῦ
1055 899 1197 971 λύρᾳ
1218 906 1485 970 χρῆσθαι,
1526 903 1697 971 δῆλον
1718 896 1791 963 ὥς

110 981 240 1038 οὐδὲ
259 990 323 1055 τῇ
345 989 446 1038 τοῦ
467 990 742 1054 γείτονος,
775 978 908 1037 οὐδὲ
929 980 1084 1046 ὅστις
1104 980 1177 1052 μὴ
1200 989 1263 1054 τῇ
1286 990 1398 1037 τῶν
1418 981 1631 1052 ἄλλων,
1658 981 1789 1036 οὐδὲ

107 1071 173 1137 τῇ
203 1067 434 1135 ἑαυτοῦ,
477 1062 603 1120 οὐδ’
637 1063 784 1138 ἄλλῳ
815 1071 929 1118 τῶν
949 1062 1207 1134 ὀργάνων
1228 1063 1357 1120 οὐδὲ
1377 1065 1668 1135 κτημάτων
1689 1062 1789 1119 ού-

107 1149 239 1202 δενί.
281 1148 373 1203 καὶ
404 1153 632 1220 τελευτᾷ
661 1147 727 1217 δὴ
759 1152 940 1210 καλῶς
970 1143 998 1200 ὅ
1020 1146 1184 1215 λόγος
1205 1139 1366 1212 οὗτός
1390 1165 1506 1218 σοι,
1548 1145 1621 1211 ὡς
1640 1145 1789 1210 ὅστις

109 1236 253 1300 ψυχῇ
283 1228 356 1300 μὴ
389 1232 670 1285 ἐπίσταται
695 1237 963 1300 χρῆσθαι,
1002 1229 1179 1303 τούτῳ
1211 1229 1272 1285 τό
1294 1229 1450 1300 ἄγειν
1469 1228 1702 1301 ἡσυχίαν
1722 1235 1787 1302 τῇ

105 1318 257 1384 ψυχῇ
286 1315 375 1367 καὶ
404 1310 477 1383 μὴ
511 1317 612 1385 ζῇν
640 1325 892 1382 κρεῖττον
919 1308 957 1383 ἦ
984 1317 1083 1385 ζῇν
1114 1313 1413 1381 πράττοντι
1431 1311 1567 1369 καθ’
1587 1311 1786 1370 αὑτόν·

109 1400 160 1450 εἰ
192 1398 256 1450 δέ
281 1418 362 1461 τις
402 1393 618 1467 άνάγκη
659 1401 758 1469 ζῇν
796 1405 906 1467 εἴη,
947 1396 1131 1470 δούλῳ
1171 1395 1401 1467 ἄμεινον
1433 1393 1469 1467 ἢ
1507 1399 1788 1471 ἐλευθέρῳ

108 1477 320 1546 διάγειν
340 1483 416 1550 τῷ
438 1478 672 1552 τοιούτῳ
693 1476 795 1533 τὸν
813 1483 938 1550 βίον
958 1479 1105 1533 ἐστὶν
1125 1477 1258 1546 ἄρα,
1301 1479 1558 1547 καθάπερ
1590 1487 1790 1535 πλοίου
1821 1497 1851 1537 Β

110 1560 417 1628 παραδόντι
442 1559 508 1616 τὰ
538 1562 779 1632 πηδάλια
804 1569 901 1633 τῆς
927 1565 1173 1627 διανοίας
1211 1560 1392 1635 ἄλλῳ,
1430 1569 1510 1635 τῷ
1548 1562 1791 1633 μαθόντι

107 1642 212 1715 τὴν
230 1650 343 1699 τῶν
363 1642 688 1712 ἀνθρώπων
708 1646 1142 1717 κυβερνητικήν,
1181 1642 1252 1716 ἣν
1287 1646 1354 1717 δὴ
1388 1644 1457 1700 σὺ
1480 1646 1788 1717 πολιτικήν,

110 1719 153 1781 ὦ
176 1725 495 1796 Σώκρατες,
534 1729 892 1799 ἐπονομάζεις
912 1729 1203 1797 πολλάκις,
1237 1727 1340 1800 τὴν
1360 1727 1537 1800 αὐτὴν
1563 1729 1629 1801 δὴ
1652 1730 1790 1785 ταύ-

107 1829 208 1877 την
228 1807 553 1879 δικαστικήν
571 1830 629 1863 τε
650 1810 742 1865 καὶ
764 1810 1132 1880 δικαιοσύνην
1154 1807 1227 1874 ὡς
1247 1815 1358 1865 ἔστι
1381 1813 1573 1882 λέγων.

247 1895 333 1946 IV.
413 1890 642 1956 Τούτοις
681 1892 748 1963 δὴ
787 1903 898 1958 τοῖς
933 1892 1118 1963 λόγοις
1154 1893 1245 1947 καὶ
1280 1893 1482 1963 ἑτέροις
1518 1893 1789 1959 τοιούτοις

106 1966 451 2041 παμπόλλοις
470 1974 558 2028 καὶ
579 1974 875 2043 παγκάλως
893 1976 1226 2045 λεγομένοις,
1251 1972 1323 2038 ὠς
1341 1973 1602 2031 διδακτὸν
1621 1973 1785 2046 ἀρετὴ

107 2053 198 2106 καὶ
236 2051 464 2108 πάντων
502 2056 705 2109 ἑαυτοῦ
747 2058 831 2110 δεῖ
868 2054 1102 2124 μάλιστα
1144 2058 1546 2126 ἐπιμελεῖσθαι,
1590 2056 1788 2128 σχεδὸν

107 2130 228 2187 οὔτ’
272 2130 530 2189 ἀπεῖπον
566 2135 784 2191 πώποτε
821 2132 942 2191 οὔτ’
966 2135 1116 2208 οἶμαι
1147 2136 1361 2208 μήποθ’
1395 2137 1633 2208 ὕστερον
1653 2137 1788 2195 άντ-

107 2220 267 2270 είπω·
326 2216 905 2284 προτρεπτικωτάτους
934 2239 989 2273 τε
1029 2216 1136 2288 γὰρ
1178 2217 1417 2291 ἡγοῦμαι
1456 2222 1545 2276 καὶ
1584 2220 1789 2292 ὤφελι-
1819 2237 1851 2280 c

108 2296 421 2367 μωτάτους,
461 2298 551 2353 καὶ
581 2296 817 2369 ἀτεχνῶς
848 2297 1032 2372 ὥσπερ
1070 2302 1453 2366 καθεύδοντας
1488 2306 1790 2374 ἐπεγείρειν

105 2377 263 2449 ἡμᾶς.
301 2390 596 2450 προσεῖχον
626 2378 693 2451 δὴ
723 2381 822 2437 τὸν
842 2389 982 2438 νοῦν
1011 2382 1070 2439 τὸ
1095 2382 1230 2455 μετά
1251 2392 1424 2440 ταῦτα
1456 2382 1528 2451 ὡς
1547 2385 1790 2442 ἄκουσό-

106 2482 298 2532 μενος,
337 2463 704 2532 ἑπανερωτῶν
732 2462 802 2520 οὔ
838 2488 889 2521 τι
928 2468 986 2522 σὲ
1020 2466 1079 2521 τὸ
1110 2489 1362 2537 πρωτον,
1402 2491 1443 2523 ω
1474 2469 1787 2540 Σώκρατες,

104 2538 247 2597 άλλα
277 2548 389 2597 τῶν
420 2540 730 2614 ἡλικιωτῶν
758 2568 815 2602 τε
846 2549 939 2604 καὶ
977 2557 1446 2648 συνεπιθυμητών
1482 2548 1518 2621 ἢ
1558 2552 1790 2620 ἑταίρων

107 2628 251 2693 cmv,
287 2620 323 2694 ἦ
353 2623 503 2690 ὅπως
533 2629 620 2682 δεῖ
632 2625 770 2696 πρὸς
787 2626 847 2683 σὲ
866 2631 990 2698 περὶ
1013 2627 1201 2687 αὐτῶν
1219 2631 1279 2687 τὸ
1301 2638 1557 2688 τοιοῦτον
1577 2630 1788 2703 ὀνομά-

111 2705 230 2773 ζειν.
251 2703 469 2760 τούτων
485 2709 593 2778 γὰρ
613 2707 743 2773 τούς
763 2712 807 2765 τὶ
829 2712 1064 2781 μάλιστα
1085 2711 1224 2768 εἶναι
1250 2713 1702 2785 δοξαζομένους
1675 2711 1784 2770 υπὸ

105 2790 211 2839 σοῦ
247 2786 503 2855 πρώτους
542 2790 943 2863 ἐπανηρώτων,
992 2796 1424 2866 πυνθανόμενος
1462 2802 1541 2860 τίς
1579 2792 1607 2850 ὁ
1653 2793 1786 2866 μετὰ

106 2863 263 2922 ταῦτ’
285 2875 368 2939 εἴη
389 2868 579 2940 λόγος,
619 2873 708 2926 καὶ
738 2873 875 2928 κατὰ
895 2877 954 2929 σὲ
975 2875 1187 2942 τρόπον
1211 2877 1334 2932 τινὰ
1356 2874 1663 2934 ὑποτείνων
1683 2874 1787 2933 αὐ-
1812 2893 1847 2934 Ι)
