1962 3112
20 139 53 185 8
678 133 1050 183 ΓΟΡῙἾΑΣ.
1594 131 1699 183 201

164 273 315 324 XAI.
347 264 559 340 Ἰατρόν
587 265 697 338 ἄρα
726 266 1039 338 φάσκοντες
1067 263 1242 322 αὐτὸν
1270 263 1411 322 εἶναι
1428 271 1611 332 καλῶς
1628 261 1700 322 ἄν

23 348 299 420 ἐλέγομεν.

163 434 340 486 ΠΩΛ.
377 436 504 487 Ναί.

168 519 319 568 ΧΑῙ.
355 518 429 569 Εἰ
445 515 510 569 δέ
524 534 588 583 γε
615 506 793 584 ἧσπερ
810 511 1152 584 Ἀριστοφῶν
1182 511 1212 570 ὁ
1231 511 1646 583 Ἀγλαοφῶντος
1664 507 1702 584 ἦ

22 591 54 650 ὁ
74 590 319 666 ἀδελφὸς
339 592 518 650 αὐτοῦ
535 600 791 665 ἔμπειρος
817 590 894 667 ἦν
917 601 1106 667 τέχνης
1122 637 1137 665 ,
1175 600 1298 651 τίνα
1318 590 1391 650 ἄν
1410 592 1583 650 αὐτὸν
1600 591 1702 665 ὀρ-

22 683 143 741 θῶς
161 680 495 747 ἐκαλοῦμεν;

161 764 339 814 ΠΩΛ.
375 765 567 829 Δῆλον
588 756 673 814 ὅτι
693 760 1003 830 ζωγράφον.
1733 764 1764 807 0

164 848 314 898 XAI.
354 847 484 897 Νῦν
520 839 572 896 δ’
604 840 788 913 ἐπειδὴ
833 847 983 907 τίνος
1012 843 1204 912 τέχνης
1233 840 1550 911 ἐπιστήμων
1569 842 1699 910 ἐστί,

30 929 150 980 τίνα
168 920 240 980 ἄν
258 931 558 988 καλοῦντες
577 922 752 980 αὐτὸν
770 922 961 996 ὀρθῶς
979 931 1270 994 καλοῖμεν;

161 1012 339 1064 Ima.
371 1001 436 1063 Ὦ,
455 1014 771 1078 Χαιρεφῶν,
785 1009 983 1064 πολλαὶ
997 1009 1181 1078 τέχναι
1201 1009 1262 1062 ἐν
1281 1003 1604 1075 ἀνθρώποις
1623 1011 1702 1064 εἰ-

27 1089 113 1145 σὶν
144 1091 204 1144 ἐκ
222 1094 338 1145 τῶν
354 1092 653 1161 ἐμπειριῶν
672 1093 943 1161 ἐμπείρως
970 1087 1289 1161 εὑρημέναι·
1327 1090 1576 1160 ἐμπειρία
1596 1089 1700 1159 μὲν

24 1168 127 1242 γὰρ
147 1183 299 1228 ποιεῖ
309 1170 411 1229 τὸν
427 1178 603 1229 αἰῶνα
617 1170 778 1245 ἡμῶν
794 1171 1134 1242 πορεύεσθαι
1151 1169 1289 1227 κατὰ
1303 1173 1516 1242 τέχνην,
1543 1171 1701 1238 ἄπει-

26 1259 118 1322 ρία
140 1253 199 1310 δὲ
219 1253 357 1310 κατὰ
377 1255 566 1327 τύχην.
605 1256 854 1311 ἑκάστων
873 1255 931 1311 δὲ
945 1254 1161 1310 τούτων
1179 1254 1700 1325 μεταλαμβάνουσιν

28 1333 181 1394 ἴλλοι
209 1335 398 1393 ἄλλων
426 1337 631 1407 ἄλλως,
667 1343 782 1393 τῶν
802 1338 862 1394 δὲ
881 1336 1123 1407 ἀρίστων
1145 1340 1201 1392 οἰ
1226 1336 1466 1407 ἄριστοι·
1505 1330 1588 1393 ῶν
1606 1341 1699 1395 καὶ

30 1423 260 1490 Γοργίας
286 1421 437 1476 ἐστὶν
465 1418 587 1490 ὅδε,
627 1422 719 1476 καὶ
757 1423 965 1491 μετέχει
999 1425 1094 1490 τῆς
1133 1425 1425 1490 καλλίστης
1458 1424 1574 1474 τῶν
1610 1442 1700 1475 τε-

20 1521 187 1572 χνων.

167 1589 248 1639 111.
323 1590 447 1642 2:52.
495 1590 695 1649 Καλῶς
738 1605 800 1653 γε
814 1625 828 1652 ,
870 1578 915 1639 ῶ
947 1590 1183 1656 Γοργία,
1223 1588 1477 1655 φαίνεται
1504 1590 1699 1651 Πῶλος
1728 1597 1764 1639 D

23 1666 478 1734 παρεσκευάσθαι
498 1671 574 1731 εἰς
592 1666 796 1736 λόγους
809 1686 820 1697 ·
861 1664 1000 1722 ἄλλα
1021 1666 1127 1737 γὰρ
1149 1664 1183 1723 ὃ
1210 1663 1473 1737 ὑπέσχετο
1492 1674 1698 1737 Χαιρε-

22 1754 202 1820 φῶντι
221 1745 290 1803 οὐ
310 1759 465 1803 ποιεῖ.

162 1836 318 1887 ΓΟΡ.
368 1836 436 1886 Τί
449 1830 711 1903 μάλιστα,
732 1825 778 1887 ὦ
795 1830 1116 1901 Σῶκρατες;

162 1918 287 1969 ΣΩ.
329 1911 403 1969 Τὸ
426 1914 787 1986 ἐρωτώμενον
805 1912 874 1970 οὕ
894 1914 1046 1971 πάνυ
1063 1936 1158 1987 μοι
1187 1919 1442 1986 φαίνεται
1462 1913 1697 1988 ἀποκρί-

19 2003 234 2052 νεσθαι.

166 2081 323 2133 ΓΟΡ.
355 2076 517 2135 Ἀλλά
539 2080 631 2151 σύ,
654 2085 704 2136 εἰ
719 2079 938 2151 βούλει,
958 2084 1090 2152 ἐροῦ
1113 2079 1298 2138 αὐτόν.

167 2164 292 2215 m.
335 2159 486 2231 Οὔκ,
518 2166 570 2217 εἰ
593 2160 743 2235 αὐτῷ
761 2184 825 2234 γε
844 2165 931 2219 σοὶ
949 2167 1271 2237 βουλομένῳ
1292 2166 1441 2221 ἐστὶν
1463 2163 1699 2236 ἀποκρί-

0 2248 240 2310 ινεσθαι,
262 2238 401 2298 ἄλλά
422 2244 566 2299 πολὺ
585 2240 659 2299 ἄν
675 2243 838 2316 ἥδιον
858 2250 932 2300 σέ.
968 2250 1132 2317 δῆλος
1150 2247 1258 2316 γάρ
1278 2268 1371 2316 μοι
1387 2253 1584 2312 Πῶλος
1603 2250 1695 2304 καὶ

0 2325 80 2391 jd}
102 2315 183 2379 ῶν
202 2331 441 2395 εἴρηκεν,
463 2323 548 2381 ὅτι
566 2325 668 2398 τήν
691 2330 1042 2399 καλουμένην
1054 2328 1351 2399 ῥητορικὴν
1366 2335 1580 2399 μᾶλλον
1599 2351 1699 2401 με·
1729 2340 1762 2381 Ε

0 2438 2 2446 ‚
91 2406 317 2476 λέτηκεν
334 2402 372 2478 ἦ
393 2410 758 2479 διαλέγεσθαι.

161 2491 339 2543 ΠΩΛ.
388 2495 456 2544 Τί
471 2490 541 2561 δή
556 2533 569 2558 ,
594 2485 640 2547 ὦ
662 2491 983 2562 Σῶκρατες;

166 2574 290 2625 ΣΩ.
314 2568 456 2641 Ὅτι,
496 2566 542 2627 ω’
571 2579 760 2646 Πῶλε,
811 2576 1079 2645 ἐρομενου
1118 2583 1513 2649 Χαιρεφῶντος
1547 2584 1696 2645 τίνος

26 2651 261 2720 Γοργίας
288 2654 603 2725 ἐπιστήμων
636 2658 852 2726 τέχνης,
890 2658 1237 2729 ἐγκωμιάζεις
1257 2660 1361 2730 μὲν
1390 2659 1567 2717 αὐτοῦ
1593 2659 1697 2733 τὴν

57 2736 221 2804 ἐχνην
239 2731 423 2805 ὥσπερ
442 2737 590 2803 τινὸς
611 2739 890 2809 ψέγοντος,
902 2738 1021 2811 ἥτις
1035 2743 1096 2796 δέ
1112 2743 1259 2798 ἐστιν
1276 2741 1378 2798 οὐκ
1398 2741 1693 2816 ἀπεκρίνω.

22 2829 23 2834 ’
164 2818 342 2872 Ima.
384 2817 471 2874 Οὐ
487 2817 597 2891 γὰρ
619 2818 1002 2895 ἀπεκρινάμην
1023 2821 1107 2879 ὅτι
1129 2831 1209 2896 εἴη
1229 2822 1264 2896 ἡ
1287 2831 1572 2898 καλλίστη;
