2020 3094
821 0 1168 30 ψι-«ῑω-,πις-τ·
1195 0 1271 20 .·’·-
1301 0 1306 1 ’
1332 0 1377 11 Ἲ-
1432 0 1443 6 ”
1500 0 1505 1 ’
1546 0 1601 11 ’Ἰ

97 118 161 164 63
646 106 814 155 ΠΡΩ.
833 108 930 155 ΤΛ
943 105 1043 155 ΓΟ
1056 106 1222 153 ΡΑΣ.
1674 98 1777 155 151

99 245 204 315 τήν
219 265 276 299 τε
295 247 547 314 ἔμπυρον
565 245 763 311 τέχνην
789 239 892 311 τὴν
919 246 1023 295 τοῦ
1047 238 1352 310 Ἡφαίστου
1371 239 1463 294 καὶ
1480 235 1584 309 τὴν
1602 236 1781 310 ἄλλην

63 355 72 360 ·
100 325 204 398 τὴν
221 332 317 396 τῆς
328 323 570 395 Ἀθηνᾶς
600 327 827 379 δίδωσιν
846 320 1131 394 ἀνθρώπῳ
1145 362 1159 389 ,
1190 321 1281 376 καὶ
1300 323 1362 377 ἐκ
1379 321 1586 377 τούτου
1607 318 1779 376 εὐπο-

100 416 193 477 ρία
221 410 323 480 μὲν
357 407 643 483 ἀνθρώπῳ
680 414 783 463 τοῦ
819 412 947 478 βίου
980 410 1250 475 γίγνεται,
1288 405 1594 475 Προμηθέα
1625 403 1684 459 δὲ
1705 400 1777 459 δι’
1806 411 1896 458 322

93 490 392 564 Ἐπιμηθέα
415 492 671 562 ὕστερον,
690 485 833 564 ᾗπερ
854 492 1094 559 λέγεται,
1114 495 1323 558 κλοπῆς
1343 491 1465 558 δίκη
1481 492 1774 558 μετῆλθεν.

241 582 348 631 xn.
416 573 629 645 Ἐπειδὴ
663 574 723 630 δὲ
754 571 784 628 ὁ
817 572 1120 640 ἄνθρωπος
1148 575 1307 635 θείας
1326 571 1548 641 μετέσχε
1566 574 1778 640 μοίρας,

5 678 12 720 3
100 664 324 726 πρῶτον
354 658 457 728 μὲν
486 657 575 711 διὰ
609 654 711 726 τὴν
743 661 865 725 [τοῦ
892 660 1058 725 θεοῦ]
1079 654 1408 725 συγγένειαν
1426 652 1583 719 ζώων
1601 652 1782 723 μόνον

99 740 272 806 θεοιῖς
307 741 556 811 ἐνόμισε,
594 740 686 795 καὶ
725 740 989 808 ἐπεχείρει
1025 737 1251 808 βωμούς
1278 758 1335 791 τε
1362 736 1661 806 ἱδρύεσθαι
1690 737 1782 790 καὶ

98 822 386 894 ἀγάλματα
415 828 593 878 θεῶν·
633 825 815 876 ἔπειτα
847 818 1046 892 φωνὴν
1074 820 1164 874 καὶ
1197 815 1443 889 ὀνόματα
1462 816 1598 888 ταχὺ
1622 821 1781 890 διηρ-

99 906 361 977 θρώσατο
380 912 447 978 τῇ
465 906 652 977 τέχνῃ,
695 905 785 960 καὶ
813 903 1054 974 οἰκήσεις
1085 901 1175 957 καὶ
1207 903 1446 972 ἐσθῆτας
1466 902 1556 956 καὶ
1575 898 1781 957 ὑποδέ-

4 978 13 1000 ²
100 1007 215 1055 σεις
232 991 322 1046 καὶ
344 985 635 1059 στρωμνὰς
654 990 744 1043 καὶ
764 985 860 1052 τὰς
882 989 940 1042 ἐκ
962 992 1063 1058 γῆς
1080 983 1292 1055 τροφὰς
1312 983 1521 1054 εὕρετο.
1542 982 1690 1040 οὕτω
1711 982 1779 1056 δὴ

98 1074 608 1141 παρεσκευασμένοι
627 1067 739 1125 κατ’
761 1067 930 1140 ἀρχὰς
949 1068 1244 1138 ἅνθρωποι
1263 1067 1452 1140 ᾤκουν
1467 1065 1777 1138 σποράδην,

99 1155 285 1219 πόλεις
302 1154 362 1210 δὲ
382 1151 484 1208 οὐκ
507 1146 650 1223 ἦσαν
663 1174 674 1184 ·
712 1150 1040 1207 ἀπώλλυντο
1060 1145 1166 1206 οὖν
1183 1147 1293 1206 ὑπὸ
1313 1154 1427 1205 τῶν
1446 1154 1666 1220 θηρίων
1686 1146 1776 1204 διὰ
1808 1154 1840 1195 Β

101 1236 163 1292 τὸ
185 1242 435 1307 πανταχῇ
456 1233 643 1290 αὐτῶν
660 1233 1051 1303 ἀσθενέστεροι
1070 1231 1227 1302 εἶναι,
1247 1233 1338 1288 καὶ
1358 1230 1390 1304 ἡ
1412 1229 1775 1304 δημιουργικῆ

102 1321 261 1388 τέχνη
293 1315 480 1381 αὐτοῖς
509 1315 651 1385 πρὸς
681 1317 782 1388 μὲν
800 1314 1017 1387 τροφὴν
1036 1312 1199 1386 ἱκανὴ
1219 1312 1434 1387 βοηθὸς
1450 1309 1540 1386 ἦν,
1562 1313 1701 1386 πρὸς
1721 1313 1781 1370 δὲ

99 1397 200 1455 τὸν
229 1404 343 1454 τῶν
370 1403 590 1469 θηρίων
622 1398 867 1469 πόλεμον
895 1397 1111 1468 ἐνδεής·
1149 1394 1438 1467 πολιτικὴν
1457 1393 1565 1466 γὰρ
1584 1397 1782 1466 τέχνην

0 1535 3 1540 ,
100 1479 260 1538 οὔπω
280 1480 476 1555 εἷχον,.
492 1473 558 1551 ἧς
581 1482 747 1551 μέρος
765 1479 1046 1553 πολεμική.
1080 1479 1308 1551 ἐζήτουν
1327 1478 1393 1550 δὴ
1416 1476 1782 1547 ἀθροίζεσθαι

102 1565 193 1619 καὶ
213 1564 486 1629 σώζεσθαι
505 1568 776 1629 κτίζοντες
795 1563 1007 1627 πόλεις·
1029 1560 1110 1619 ὅτ’
1135 1556 1243 1617 οὖν
1261 1560 1640 1632 ἀθροισθεῖεν,
1661 1556 1783 1629 ἠδί-

0 1645 3 1653 ’
102 1667 244 1701 κουν
280 1644 552 1716 ἀλλήλους
589 1644 684 1700 ἅτε
720 1644 824 1701 οὐκ
864 1651 1077 1716 ἔχοντες
1111 1641 1214 1715 τὴν
1247 1640 1537 1714 πολιτικὴν
1565 1644 1780 1712 τέχνην,

0 1794 7 1801 Ι
40 1776 42 1778 .
107 1726 244 1782 ὥστε
269 1727 436 1782 πάλιν
457 1727 894 1797 σκεδαννύμενοι
915 1730 1319 1798 διεφθείροντο.
1372 1723 1514 1790 Ζεὺς
1536 1717 1644 1780 οὖν
1666 1727 1780 1779 δεί-
1807 1727 1838 1771 0

0 1810 5 1816 ’
103 1827 204 1874 σας
221 1813 344 1877 περὶ
364 1815 443 1881 τῷ
466 1812 613 1879 γένει
631 1807 807 1880 ἡμῶν,
826 1808 899 1880 μὴ
922 1807 1182 1865 ἀπόλοιτο
1203 1815 1332 1879 πᾶν,
1358 1805 1563 1878 Ἑρμῆν
1582 1809 1782 1877 πέμπει

101 1891 310 1962 ἄγοντα
331 1896 406 1957 εἰς
425 1889 766 1959 ἀνθρώπους
784 1894 919 1947 αἰδῶ
938 1912 994 1946 τε
1012 1891 1103 1947 καὶ
1127 1894 1313 1961 δίκην,
1334 1887 1408 1944 ἵν’
1434 1888 1544 1945 εἷεν
1564 1888 1782 1944 πόλεων

0 1975 3 1990 ’
101 1973 298 2045 κόσμοι
315 1996 370 2029 τε
391 1976 481 2029 καὶ
501 1977 688 2045 δεσμοὶ
712 1979 897 2045 φιλίας
917 1978 1249 2043 συναγωγοί.
1271 1973 1446 2045 ἐρωτᾷ
1468 1964 1784 2041 οὖνἘρμῆς

103 2062 240 2125 Δία,
279 2061 401 2110 τίνα
432 2050 540 2111 οὖν
569 2056 780 2125 τρόπον
809 2060 929 2127 δοίη
961 2059 1122 2125 δίκην
1151 2056 1241 2110 καὶ
1273 2057 1411 2109 αἰδῶ
1430 2052 1779 2122 ἀνθρώποις·

102 2138 341 2206 πότερον
357 2135 429 2203 ὡς
447 2142 508 2194 αἱ
521 2142 703 2209 τέχναι
723 2140 1067 2209 νενέμηνται,
1090 2135 1237 2192 οὕτω
1257 2137 1347 2191 καὶ
1366 2134 1568 2199 ταύτας
1583 2138 1783 2204 νείμως

107 2223 432 2291 νενέμηνται
470 2220 530 2275 δὲ
568 2213 673 2276 ῶδε
690 2242 700 2252 ·
755 2217 831 2285 εἷς
865 2225 1005 2291 ἔχων
1044 2217 1296 2291 ἰατρικὴν
1330 2224 1556 2281 πολλοῖς
1593 2212 1785 2281 ἱκανὸς

102 2301 368 2371 ἰδιώταις,
407 2303 499 2357 καὶ
517 2306 574 2358 οἱ
589 2301 746 2357 ἄλλοι
766 2305 1113 2374 δημιουργοί·
1155 2304 1245 2358 καὶ
1267 2304 1428 2370 δίκην
1448 2296 1514 2370 δὴ
1536 2298 1626 2352 καὶ
1646 2299 1783 2352 αἰδῶ

101 2382 251 2439 οὕτω
286 2389 374 2439 θῶ
405 2387 465 2440 έν
495 2395 608 2448 τοῖς
633 2381 981 2456 ἀνθρώποις,
1018 2381 1054 2456 ἢ
1089 2385 1176 2440 ἐπὶ
1214 2383 1424 2446 πάντας
1462 2385 1656 2450 νείμω;
1689 2379 1776 2435 ἐπὶ
1813 2385 1848 2427 D

102 2465 337 2534 πάντας,
377 2470 483 2536 ἔφη
509 2463 538 2521 ὁ
561 2466 728 2536 Ζεύς,
765 2468 855 2522 καὶ
877 2466 1077 2533 πάντες
1094 2466 1459 2538 μετεχόντων·
1495 2459 1564 2518 οὐ
1583 2460 1691 2534 γάρ
1712 2457 1784 2516 ἂν

101 2548 352 2618 γένοιντο
375 2548 586 2613 πόλεις,
613 2554 663 2603 εἰ
679 2546 854 2619 ὀλίγοι
874 2547 1063 2604 αὐτῶν
1087 2550 1364 2620 μετέχοιεν
1383 2545 1570 2614 ὥσπερ
1593 2543 1781 2600 ἄλλων

101 2634 334 2699 τεχνῶν·
375 2633 466 2685 καὶ
494 2630 673 2700 νόμον
703 2652 764 2701 γε
788 2630 886 2694 θὲς
906 2629 1035 2700 παρ’
1059 2633 1214 2702 ἐμοῦ,
1251 2628 1349 2686 τὸν
1368 2627 1440 2701 μὴ
1463 2629 1785 2699 δυνάμενον

106 2713 297 2776 αἰδοῦς
344 2714 433 2769 καὶ
477 2715 629 2783 δίκης
675 2717 918 2783 μετέχειν
953 2719 1188 2769 κτείνειν
1234 2710 1308 2778 ώς
1343 2710 1517 2768 νόσον
1554 2706 1779 2772 πόλεως.

24 2817 27 2827 ·
103 2789 251 2847 οὕτω
271 2792 359 2863 δή,
381 2787 425 2849 ώ
444 2801 757 2863 Σώκρατες,
780 2796 869 2849 καὶ
890 2792 978 2850 διὰ
1000 2799 1170 2851 ταῦτα
1187 2797 1313 2850 οἵτε
1333 2793 1491 2848 ἄλλοι
1509 2793 1599 2847 καὶ
1616 2789 1785 2858 Ἀθη-
