1962 3112
358 0 363 4 ·
381 0 411 9 -v
435 0 524 17 *xxv
553 0 583 14 ·.·
596 0 620 14 ,ἐ
639 0 948 32 ἡ*-’.’·’·,“Ἶᾶ”ἵ;ῖςν
967 0 1040 19 -γρπ-
1071 0 1082 11 ι
1098 0 1104 4 -
1131 11 1137 21 ‚
1150 0 1175 18 γ
1198 0 1210 3 ··

73 176 153 220 1⁰1
651 166 1170 217 ΚΛΕΙΤΟΦΩΝ.
1643 166 1749 218 463

71 304 266 372 λέγων,
289 300 375 357 ὅτι
391 300 555 356 κάκεῖ
564 300 635 356 τά
651 322 715 370 γε
735 299 981 371 ὀνόματα
1001 299 1155 355 ταυτ’
1171 302 1319 356 ἐστὶν
1337 304 1398 357 ἐν
1416 301 1616 391 ἑκάστῃ
1634 323 1750 357 των

70 377 304 440 τεχνῶν,
325 369 532 455 ὀρθῶς
550 374 838 458 πράττειν,
877 377 1300 455 λυσιτελοῦντα,
1342 370 1620 455 ώφέλιμα,
1657 372 1749 427 καὶ

69 437 242 495 τᾶλλα
277 438 343 495 τὰ
378 447 633 495 τοιαῦτα·
674 438 813 495 ἀλλὰ
846 438 986 533 πρὸς
1013 437 1049 494 6'
1075 461 1128 494 τι
1156 446 1329 495 ταῦτα
1358 440 1536 495 πάντα
1563 445 1746 526 τείνει,

69 514 185 579 ε’ρεῖ
196 511 259 566 τὸ
277 515 426 567 ἴδιον
444 511 644 596 ἑκάστη
668 512 845 595 τέχνη
866 507 989 565 οἷον
1008 506 1042 580 ἡ
1062 507 1348 594 τεκτονικὴ
1369 509 1431 565 τὸ
1453 504 1544 580 εὖ,
1562 508 1622 566 τὸ
1644 531 1748 565 κα-

68 587 195 667 λῶς,
216 578 277 635 τὸ
295 579 548 649 δεόντως,
571 599 711 636 ωστε
725 578 791 635 τὰ
813 580 1022 647 ξύλινα,
1043 578 1226 664 φήσει,
1238 580 1419 666 σκεύη
1433 585 1744 665 γίγνεσθαι,

66 673 100 704 α
78 646 190 721 “δή
210 649 315 705 οὐκ
345 654 459 705 ἔστι
487 653 671 722 τέχνη·
709 653 957 719 λεγέσθω
989 649 1055 718 δὴ
1080 652 1171 703 καὶ
1192 648 1253 704 τό
1273 657 1368 720 τῆς
1388 649 1745 721 δικαιοσύνης
1779 655 1812 695 D

67 717 343 783 ωσαύτως.

207 796 291 846 VI.
363 795 650 846 Τελευτῶν
670 788 1005 859 ἀπεκρίνατό
1033 812 1115 853 τις
1143 812 1186 844 ω
1206 789 1505 857 Σώκρατές
1523 811 1615 858 μοι
1633 795 1747 844 ταῖν

65 866 182 918 ’τῶν
212 862 470 946 (ἑταίρων,
510 858 571 924 69
601 858 668 930 δὴ
699 861 1019 931 κομψότατα
1036 863 1224 924 ἔδοξεν
1244 864 1438 946 εἰπεῖν,
1482 858 1568 914 ὅτι
1586 857 1741 913 τουτ’

71 938 147 1000 εἴη
179 928 239 984 τὸ
271 937 366 1000 τῆς
395 931 751 1018 δικαιοσύνης
780 934 926 986 [διον
955 934 1174 1016 ἔργον,
1189 926 1221 983 6
1238 950 1353 983 των
1371 928 1559 984 άλλων
1579 926 1746 983 ούδε-

70 1006 215 1068 suis,
238 1006 428 1068 φιλίαν
447 1003 509 1054 ἐν
525 1012 642 1065 ταῖς
662 1000 855 1055 πόλεσι
874 1011 1079 1054 ποιεῖν·
1102 1020 1265 1062 ουτος
1285 996 1340 1053 δ’
1362 993 1436 1053 αὖ
1457 998 1744 1084 ἐρωτώμε-

66 1092 163 1135 νος
187 1070 292 1139 τὴν
321 1076 512 1155 φιλίαν
539 1068 761 1140 ἀγαθόν
788 1068 840 1124 τ’
861 1075 966 1140 ἔφη
990 1068 1130 1124 εἶναι
1150 1069 1240 1124 καὶ
1260 1069 1525 1125 οὐδέποτε
1535 1068 1742 1156 κακόν,

69 1138 159 1204 τὰς
189 1140 247 1195 δε
274 1162 388 1194 των
417 1144 630 1194 παίδων
662 1146 846 1225 φιλίας
866 1142 958 1195 καὶ
975 1138 1074 1202 τὰς
1092 1146 1205 1194 τῶν
1223 1146 1469 1230 θηρίων,
1508 1137 1573 1203 ἃς
1592 1137 1746 1210 ἡμεῖς
1798 1177 1803 1182 -

67 1215 226 1264 τοῦτο
246 1208 494 1294 τοῦνομα
511 1210 937 1281 ἐπονομάζομεν,
963 1208 1068 1264 οὐκ
1086 1207 1384 1296 άπεδέχετο
1397 1208 1537 1264 εἶναι
1557 1213 1744 1292 φιλίας

67 1279 583 1362 ἔπανερωτώμενος·
633 1284 926 1367 συνέβαινε
969 1278 1076 1349 γὰρ
1124 1278 1278 1367 αὐτῷ
1323 1301 1390 1334 τα
1438 1284 1608 1335 πλείω
1644 1300 1742 1343 τας

67 1349 317 1414 τοιαύτας
345 1348 678 1419 βλαβεράς”
640 1373 674 1420 η
696 1348 914 1420 ἀγαθὰς
936 1351 1092 1406 εἶναι.
1093 1371 1362 1438 φευγων
1381 1347 1448 1420 δὴ
1467 1347 1530 1404 vd
1551 1355 1744 1403 τοιοῦ-
1775 1352 1806 1392 Ε

68 1439 160 1476 τον
178 1418 309 1476 οὐδὲ
328 1425 514 1486 φιλίας
532 1423 638 1504 ἔφη
658 1421 755 1484 τὰς
775 1422 1032 1483 τοιαύτας
1062 1417 1229 1490 εἶναι,
1268 1424 1490 1485 ψευδως
1521 1420 1579 1474 δὲ
1608 1417 1742 1474 ὀνο-

60 1490 248 1576 μάζειν
278 1489 448 1554 αὐτὰς
465 1488 597 1553 τούς
625 1489 802 1554 οὕτως
820 1489 1212 1576 ὀνομάζοντας·
1251 1488 1356 1560 τὴν
1376 1489 1630 1553 δεόντως
1649 1490 1742 1544 καὶ

60 1557 285 1629 άληθως
313 1565 505 1642 φιλίαν
534 1558 673 1615 εἶναι
696 1564 1009 1645 σαφέστατα
1046 1556 1327 1628 ὁμόνοιαν.
1366 1558 1471 1646 τὴν
1507 1559 1567 1615 δε
1595 1556 1742 1647 ὁμό-

61 1651 222 1683 νοιαν
252 1629 602 1717 ἐρωτώμενος
631 1635 680 1685 εί
705 1627 1013 1718 ὁμοδοξίαν
1030 1630 1169 1686 εἶναι
1189 1632 1339 1715 λέγοι
1357 1626 1395 1700 ἦ
1417 1630 1739 1716 ἐπιστήμην,

61 1698 162 1768 τὴν
189 1700 292 1769 μὲν
330 1698 629 1769 ὁμοδοξιάν
664 1698 942 1788 ἠτίμαζεν
981 1699 1359 1786 ἠναγκάζοντο
1397 1721 1505 1788 γαρ
1542 1702 1740 1755 πολλαὶ

58 1771 148 1824 καὶ
166 1771 430 1856 βλαβεραὶ
449 1775 740 1855 γίγνεσθαι
761 1767 1039 1854 ὁμοδοξίαι
1059 1768 1412 1839 ἀνθρώπων,
1441 1770 1549 1843 τὴν
1566 1770 1626 1826 δὲ
1644 1791 1741 1840 ιφ-

59 1844 183 1894 λίαν
212 1838 436 1926 άγαθὸν
464 1838 806 1931 ὡμολογήκει
835 1840 1054 1905 πάντως
1090 1840 1230 1895 εἶναι
1262 1842 1353 1896 καὶ
1382 1791 1741 1911 δικαιοσύνης

57 1912 237 1978 ἔργον,
260 1909 399 1965 ὥστε
419 1931 624 1966 ταυτον
638 1929 848 1996 εφησεν
866 1910 1005 1967 εἶναι
1006 1906 1310 1998 ὁμόνοιαν
1310 1912 1402 1967 καὶ
1426 1913 1740 1966 *δικαιοσύ-

58 1982 191 2063 νην*
219 1980 524 2068 ἐπιστήμην
551 1974 756 2067 οὖσαν,
796 1978 917 2037 ἀλλ’
953 1979 1020 2035 06
1054 1981 1236 2046 δόξαν.
1277 1978 1369 2036 ὅτε
1400 1978 1466 2051 δή
1488 1983 1737 2037 ἐνταῦθα

55 2069 198 2173 ἔμεν
233 2055 335 2105 τοῦ
367 2051 539 2119 λόγου
562 2048 936 2137 ἀποροῦντες,
984 2054 1041 2106 οί
1047 2050 1344 2135 παρόντες
1377 2053 1558 2106 ἱκανοὶ
1591 2044 1736 2122 ἦσαν
1763 2054 1851 2100 410

85 2119 401 2205 πιπλήττειν
419 2141 475 2174 τε
506 2117 660 2194 αὐτῷ
679 2121 768 2175 καὶ
795 2124 1000 2191 λέγειν,
1039 2119 1124 2175 ὅτι
1153 2121 1627 2209 περιδεδράμηκεν
1657 2126 1735 2186 εἰς

54 2185 261 2243 ταύτόν
278 2187 308 2245 6
331 2189 493 2259 λόγος
511 2200 624 2253 τοῖς
641 2190 905 2257 πρώτοις·
926 2194 1015 2247 καὶ
1038 2191 1282 2262 ἔλεγον”
1248 2214 1332 2247 οτι
1354 2189 1494 2247 xal‘
1446 2213 1495 2279 η
1517 2191 1731 2263 ἰατρικὴ

54 2255 286 2327 ὁμόνοιά
306 2267 385 2324 τίς
404 2263 515 2315 ἐστι
536 2259 683 2315 καὶ
648 2277 856 2315 απασαι
875 2264 935 2316 αἰ
949 2263 1156 2331 τέχναι,
1188 2264 1279 2318 καὶ
1295 2261 1462 2331 περὶ’
1441 2261 1576 2317 ότου
1594 2263 1733 2317 εἰσὶν

0 2361 1 2376 2
54 2332 240 2413 ἔχουσι
271 2331 473 2413 λέγειν
513 2330 615 2399 τὴν
645 2330 703 2386 δὲ
734 2328 844 2386 ὑπὸ
865 2338 968 2387 σοῦ
989 2333 1296 2403 λεγομένην
1317 2328 1731 2419 δικαιοσύνηνῆ

53 2394 349 2482 ὁμόνοιαν,
389 2396 518 2454 ὅποι
550 2400 808 2455 τείνουσά
837 2404 974 2471 ἐστι,
1014 2404 1376 2472 διαπέφευγε,
1414 2404 1505 2457 καὶ
1525 2401 1733 2472 άδηλον

53 2465 223 2538 αὐτῆς
242 2468 274 2522 ὅ
292 2475 346 2523 τί
361 2466 483 2524 ποτ’
509 2474 620 2524 ἔστι
639 2468 701 2525 τὸ
722 2474 902 2555 ἔργον.

199 2544 303 2595 VH.
383 2545 586 2609 Ταῦτα,
610 2562 654 2594 ω
676 2541 995 2610 Σώκρατες,
1018 2539 1123 2612 ἐγω
1143 2548 1417 2597 τελευτων
1437 2544 1527 2597 καὶ
1545 2545 1605 2598 σὲ
1626 2539 1733 2596 αύ-

53 2604 154 2661 τόν
180 2605 442 2678 ἠρώτων,
481 2611 571 2664 καὶ
602 2608 748 2675 εἶπές
776 2632 869 2681 μοι
897 2612 1252 2702 δικαιοσύνης
1284 2611 1422 2668 εἶναι
1461 2610 1594 2677 τοὺς
1628 2614 1731 2683 μὲν

53 2675 293 2799 &²{Ooo69
319 2681 613 2762 βλάπτειν,
651 2679 782 2744 τούς
812 2681 870 2737 δὲ
908 2687 1106 2768 φίλους
1141 2703 1205 2737 ευ
1246 2695 1452 2739 ποιεῖν·
1489 2680 1729 2766 ύστερον
1761 2684 1791 2724 Β

53 2746 367 2835 δέφάνηβ
370 2750 597 2804 λάπτειν
615 2771 676 2834 γε
695 2748 1007 2806 οὐδέποτε’
981 2775 1010 2807 ο
1042 2756 1249 2817 δίκαιος
1277 2750 1507 2808 οὐδένα·
1548 2750 1728 2807 πάντα

54 2812 158 2883 γὰρ
188 2813 274 2871 ἐπ’
309 2755 544 2893 ωφελείᾳ
576 2819 783 2884 πάντας
809 2825 964 2896 δρᾷν.
1003 2828 1176 2877 ταῦτα
1205 2825 1265 2878 δὲ
1294 2821 1395 2895 οὐχ
1423 2820 1567 2889 ἅπαξ
1597 2819 1728 2878 οὐδὲ
