1962 3112
220 81 323 132 296
385 42 391 46 ·
810 81 1292 131 ΠΛΑΤΩΝΟΣ
1838 94 1894 139 98

221 215 311 270 καὶ
340 217 430 271 ναὶ
461 215 536 286 μοὶ
555 221 666 270 Δία
693 221 768 288 τῷ
790 215 1189 286 Πυριλάμπους
1215 237 1278 285 γε
1306 216 1458 286 πρός.
1519 216 1668 284 ὅστις
1697 213 1802 274 οὖν
1831 238 1893 276 σε

220 298 437 362 τούτοις
467 295 792 368 ὁμοιότατον
821 295 1215 368 ἀπεργάσεται,
1257 290 1421 362 οὗτός
1448 319 1508 354 σε
1539 300 1779 370 ποιήσει,
1820 300 1894 367 ὡς

221 381 507 449 ἐπιθυμεῖς
528 376 806 443 πολιτικὸς
826 376 992 448 εἶναι,
1033 377 1320 434 πολιτικὸν
1349 381 1440 435 καὶ
1459 382 1778 453 ῥητορικόν·
1814 389 1890 458 τῷ

161 466 192 508 G
221 459 408 516 αὑτων
427 461 532 530 γὰρ
553 461 683 533 ἤθει
708 463 1022 531 λεγομένων
1042 484 1155 517 των
1177 462 1362 532 λόγων
1382 465 1601 518 ἕκαστοι
1618 472 1889 536 χαίρουσι,

219 550 296 617 τῷ
327 545 382 599 δὲ
414 541 680 616 ἀλλοτρίῳ
713 541 1005 613 ἄχθονται·
1068 549 1118 599 εί
1144 545 1218 614 μή
1247 566 1298 598 τι
1329 543 1399 598 σὺ
1430 544 1563 600 ἄλλο
1605 549 1805 618 λέγεις,
1848 542 1892 603 ὠ

222 630 354 695 φίλη
376 625 605 696 κεφαλή.
641 628 872 695 λέγομέν
890 647 942 679 τι
960 625 1098 697 πρὸς
1116 631 1316 696 ταῦτα,
1339 649 1380 680 ω
1399 632 1747 695 Καλλίκλεις;

360 713 535 762 LXIX.
611 713 782 762 KAA.
838 706 957 762 Οὐκ
989 705 1096 762 οἷδ’
1130 706 1322 763 ὅντινά
1354 730 1446 779 μοι
1474 712 1682 777 τρόπον
1715 714 1892 776 δοκεῖς

222 782 287 843 εὖ
305 792 512 859 λέγειν,
548 783 591 844 c5
611 789 929 858 Σώκρατες·
972 791 1230 843 πέπονθα
1250 789 1308 845 δὲ
1328 791 1388 845 τὸ
1410 795 1524 844 τῶν
1543 798 1765 847 πολλῶν
1784 794 1892 848 πά-

219 877 322 934 θος
337 891 348 902 ·
387 868 455 924 οὐ
475 870 624 926 πάνυ
649 887 735 925 σοι
754 876 1030 940 πείθομαι.

363 957 486 1006 Σῼ.
537 950 595 1007 Ὁ
618 954 795 1023 δήμου
815 952 921 1023 γὰρ
942 957 1104 1023 ἔρως,
1130 946 1174 1006 ὦ
1195 956 1544 1022 Καλλίκλεις,
1584 951 1726 1008 ε’νών
1745 957 1806 1009 ἐν
1825 962 1891 1028 τῇ

223 1039 371 1103 ψυχῇ
399 1039 466 1104 τῇ
498 1038 566 1103 σῇ
593 1031 905 1088 άντιστατεῖ
925 1054 1042 1103 μοι·
1094 1031 1205 1087 ἀλλ’
1231 1032 1329 1088 ἐὰν
1358 1034 1620 1098 πολλάκις
1652 1043 1780 1100 ἴσως
1800 1033 1887 1093 καὶ

160 1120 193 1147 '⁸
223 1115 437 1182 βέλτιον
457 1111 627 1168 ταῦτα
647 1119 819 1169 ταῦτα
839 1115 1285 1186 διασκοπῶμεθα,
1300 1115 1502 1186 πεισθή
1508 1132 1600 1170 σει.
1642 1115 1891 1188 ἀναμνή-

224 1202 391 1264 σθητι
422 1192 473 1249 δ’
498 1188 632 1266 οὖν,
675 1193 759 1250 ὅτι
790 1196 891 1251 δύο
922 1201 1133 1268 ἔφαμεν
1153 1195 1291 1252 εἶναι
1318 1195 1416 1262 τὰς
1435 1197 1785 1267 παρασκευὰς
1803 1202 1890 1255 ἐπὶ

222 1276 281 1331 τὸ
315 1279 548 1332 ἕκαστον
575 1279 913 1347 θεραπεύειν
944 1282 1035 1335 καὶ
1072 1297 1229 1349 σωμα
1257 1281 1348 1333 καὶ
1377 1278 1587 1349 ψυχήν,
1628 1284 1759 1349 μίαν
1787 1280 1888 1350 μὲν

222 1357 360 1455 πρὸς
388 1354 600 1428 ἡδονὴν
630 1358 866 1431 ὁμιλειν,
899 1360 1001 1432 τὴν
1031 1363 1220 1431 ἑτέραν
1250 1363 1309 1416 δὲ
1338 1358 1477 1431 πρὸς
1505 1359 1565 1415 τὸ
1585 1364 1885 1431 βέλτιστον,

222 1437 295 1509 μὴ
317 1441 817 1512 καταχαριζόμενον
835 1441 971 1498 ἄλλα
995 1443 1418 1513 διαμαχόμενον.
1476 1440 1543 1496 οὐ
1564 1447 1735 1497 ταῦτα
1764 1447 1838 1514 ἡν
1857 1441 1891 1499 ἃ

219 1519 340 1576 τότε
362 1519 697 1592 ωριζόμεθα·
683 1563 698 1589 ,

358 1608 528 1658 ΚΑΛ.
566 1603 730 1659 Πάνυ
748 1627 825 1674 γε.

362 1691 485 1741 ΣΩ.
530 1683 758 1741 Οὐκοῦν
776 1684 809 1756 ἡ
832 1709 937 1756 μεν
958 1688 1138 1755 ἑτέρα,
1159 1684 1192 1757 ἡ
1216 1684 1356 1757 πρὸς
1372 1683 1611 1756 ἡδονήν,
1656 1684 1894 1758 αγεννὴς

220 1769 310 1822 καὶ
329 1764 496 1821 οὐδεν
519 1765 651 1821 άλλο
672 1764 708 1836 ἢ
728 1774 984 1822 κολακεία
1004 1768 1261 1837 τυγχάνει
1283 1769 1447 1822 οὐσα·
1486 1770 1518 1838 ἡ
1539 1767 1674 1838 γάρ·
1661 1809 1675 1832 ,

158 1850 191 1891 Ε
367 1852 531 1902 ΚΑΛ.
572 1846 775 1918 ’Έστω,
798 1854 848 1903 εἰ
863 1850 1082 1919 βούλει,
1104 1850 1189 1902 σοὶ
1208 1847 1399 1912 οὕτως.

357 1934 484 1983 ΣΩ.
535 1926 601 1985 Ἡ
618 1932 682 1984 δέ
695 1951 758 2000 γε
779 1931 949 2000 ἑτέρα,
971 1928 1119 1994 ὅπως
1139 1927 1211 1994 ὡς
1234 1929 1515 2000 βέλτιστον
1535 1932 1683 1982 ἔσται
1702 1935 1884 1999 τοῦτο,

219 2018 325 2066 εἴτε
346 2017 502 2080 σωμα
521 2010 780 2080 τυγχάνει
800 2007 867 2065 ὂν
887 2019 992 2066 εἴτε
1012 2009 1187 2082 ψυχή,
1210 2008 1241 2066 ὃ
1258 2009 1671 2081 θεραπεύομεν;

355 2098 524 2147 ΚΑΛ.
562 2093 725 2148 Πάνυ
749 2115 826 2163 γε.

357 2179 482 2229 ΣΩ.
526 2167 635 2244 ’Ap'
657 2168 762 2229 οὖν
782 2174 957 2239 οὕτως
986 2176 1350 2244 ἐπιχειρητέον
1367 2171 1500 2244 ἡμῖν
1517 2173 1627 2226 ἐστὶ
1645 2177 1713 2242 τῇ
1732 2171 1887 2226 πόλει

217 2278 309 2312 και
323 2269 436 2320 τοῖς
456 2262 699 2320 πολίταις
717 2257 1079 2326 θεραπεύειν,
1112 2253 1182 2319 ὡς
1198 2260 1515 2328 βελτίστους
1534 2250 1739 2316 αὐτοὺς
1756 2274 1886 2317 τους

219 2344 443 2402 πολίτας
462 2344 786 2404 ποιοῦντας;
823 2337 962 2393 ἄνευ
989 2359 1097 2406 γαρ
1120 2334 1185 2406 δὴ
1217 2335 1446 2405 τούτου,
1487 2333 1558 2397 ὡς
1579 2336 1639 2388 έν
1656 2345 1769 2396 τοις
1787 2337 1883 2402 ἔμ-

218 2427 472 2489 προσθεν
490 2418 836 2491 εὑρίσκομεν,
849 2418 1016 2474 οὐδεν
1034 2417 1233 2487 ὄφελος
1252 2416 1424 2487 ἄλλην
1442 2414 1759 2484 εὐεργεσίαν
1782 2412 1882 2468 οὐ-

102 2513 188 2558 514
224 2504 416 2570 δεμίαν
436 2502 798 2570 προσφέρειν,
820 2499 916 2555 εἀν
935 2500 1008 2570 μὴ
1029 2497 1166 2569 καλὴ
1187 2495 1406 2568 κάγαθὴ
1426 2494 1459 2567 ἡ
1482 2496 1696 2552 διάνοια
1717 2487 1754 2567 ᾖ
1772 2515 1883 2548 των

216 2580 560 2649 μελλόντων,
597 2577 634 2651 ἦ
652 2581 898 2651 χρήματα
929 2578 1105 2635 πολλα
1135 2575 1483 2649 λαμβάνειν’
1457 2577 1492 2647 η’
1521 2575 1695 2647 ἀρχήν
1714 2596 1881 2630 τινων

213 2663 246 2734 ἦ
276 2660 452 2732 ἄλλην
477 2662 715 2732 δύναμιν
734 2660 1011 2733 ἡντινοῦν.
1054 2667 1249 2731 θῶμεν
1267 2659 1440 2722 οὕτως
1459 2660 1626 2726 ἕχειν;

352 2749 524 2798 ΚΑΛ.
563 2743 728 2798 Πάνυ
746 2765 835 2814 γε,
859 2751 911 2798 εἴ
926 2760 1011 2797 σοι
1031 2741 1205 2811 ἥδιον.
