1962 3112
163 50 176 55 -
252 36 260 55 2-
581 0 1150 50 ‘'³Wssfflfflffjfffiw-2*
1308 0 1317 12 ,

158 114 219 160 ⁹⁷
818 101 1187 154 ΓοΡΓιΑΣ.
1741 102 1845 155 295

163 239 271 314 γὰρ
290 238 442 315 αύτῷ
463 237 492 295 ὁ
516 238 693 312 λόγος.
743 238 883 296 ἄλλα
904 236 976 294 σύ
994 235 1162 295 οῦδὲν
1178 230 1347 309 ἦττον
1365 237 1542 294 αὐτοῦ
1561 261 1848 310 καταφρο-
1870 224 1875 231 ’

164 335 278 389 νεῖς
294 325 388 380 καὶ
404 329 504 395 τῆς
519 326 711 395 τέχνης
727 328 826 394 τῆς
846 324 1065 379 ἐκείνου
1077 363 1091 390 ,
1122 323 1214 376 καὶ
1239 317 1312 386 ὡς
1328 323 1390 377 ἐν
1410 319 1613 379 ὀνείδει
1629 320 1849 382 &nor-cc·

164 411 348 473 λέσαις
365 403 437 463 ἂν
462 407 868 479 μηχανοποιόν,
889 407 1075 476 καὶτῷ
1095 407 1211 459 υἱεῖ
1223 400 1402 459 αὐτοῦ
1419 403 1531 461 οὔτ’
1552 401 1624 461 ἄν
1646 410 1846 462 δοῦναι

163 493 450 562 θυγατέρα
478 493 721 559 ἐθέλοις,
761 486 872 544 οὔτ’
898 484 969 543 ἄν
996 484 1164 551 αύτὸς
1191 492 1268 560 τῷ
1299 493 1512 543 σαυτοῦ
1530 493 1724 560 λαβεῖν
1741 486 1844 559 τὴν

164 574 395 628 ἐκείνου.
434 578 612 628 καίτοι
633 574 688 638 ἐξ
708 565 790 627 ῶν
806 570 875 626 τὰ
894 576 1106 626 σαυτοῦ
1126 572 1381 641 ἐπαινεῖς,
1402 576 1513 627 τίνι
1532 575 1725 645 δικαίῳ
1745 569 1844 627 λό-

164 677 245 729 γῳ
266 661 370 711 τοῦ
388 661 769 726 μηχανοποιοῦ
788 665 1155 724 καταφρονεῖς
1183 655 1274 708 καὶ
1295 660 1409 709 τῶν
1427 653 1615 710 ἄλλων
1634 648 1715 710 ῶν
1734 660 1844 711 νῦν

164 736 232 809 δὴ
251 741 471 808 ἔλεγον;
509 735 596 793 οἶδ
604 735 618 756 ’
638 736 724 792 ὅτι
742 743 909 808 φαίης
929 732 1001 791 ὄίν
1019 740 1253 806 βελτίων
1274 734 1415 791 εἶναι
1433 740 1525 793 καὶ
1544 739 1605 793 ἐκ
1624 738 1844 809 βελτιό-
1872 750 1908 792 D

163 843 295 876 νων.
352 818 414 876 τὸ
457 821 516 876 δὲ
553 824 770 891 βέλτιον
807 824 859 875 εἰ
882 817 955 890 μὴ
993 823 1143 874 ἔστιν
1170 816 1204 874 ὂ
1231 817 1338 888 ἐγῶ
1360 821 1501 889 λέγω
1515 862 1529 889 ,
1567 816 1679 875 ἀλλ’
1705 818 1842 876 αὐτὰ

163 903 316 960 τοῦτ’
340 906 489 960 ἐστὶν
515 901 709 974 ἀρετή,
746 900 808 958 τό
833 901 1027 968 σώζειν
1055 899 1232 956 αὑτὸν
1260 902 1351 958 καὶ
1379 900 1446 957 τὰ
1478 905 1684 959 ἑαυτοῦ
1709 902 1844 959 ὄντα

164 985 357 1052 ὁποῖός
375 1009 453 1052 τις
470 990 654 1056 ἔτυχε,
690 983 1096 1055 καταγέλαστός
1123 999 1210 1039 σοι
1240 981 1269 1040 ὁ
1293 984 1467 1054 ψόγος
1485 990 1732 1055 γίγνεται
1753 986 1846 1041 καὶ

164 1074 545 1140 μηχανοποιοῦ
565 1068 654 1122 καὶ
676 1071 872 1136 ἰατροῦ
891 1067 980 1121 καὶ
999 1073 1112 1120 τῶν
1132 1064 1317 1121 ἄλλων
1335 1073 1572 1137 τεχνῶν,
1596 1065 1724 1122 ὅσαι
1742 1072 1844 1122 τοῦ

164 1151 357 1218 σώζειν
376 1151 538 1206 ἕνεκα
557 1155 898 1220 πεποίηνται.
933 1145 1067 1218 ἀλλ’,
1090 1142 1134 1202 ῶ
1154 1148 1404 1220 μακάριε,
1417 1147 1523 1219 ὅρα
1542 1149 1614 1219 μὴ
1637 1147 1772 1204 ἄλλο
1794 1172 1845 1204 τι

162 1230 223 1287 τό
257 1243 519 1303 γενναῖον
548 1233 638 1287 καὶ
674 1230 735 1286 τό
777 1228 998 1301 ἆγαθόν
1037 1224 1073 1303 ᾗ
1094 1237 1197 1285 τοῦ
1230 1231 1426 1297 σῶςειν
1454 1253 1511 1286 τε
1551 1232 1643 1286 καὶ
1673 1231 1844 1298 σώζε-

164 1322 317 1371 σθαι.
365 1312 474 1385 ἡδὺ
493 1315 601 1385 γὰρ
620 1320 783 1369 τοῦτο
802 1312 903 1384 μὲν
930 1310 991 1368 τό
1015 1317 1112 1384 ζῇν
1128 1334 1138 1344 ·
1178 1310 1392 1368 ὁπόσον
1411 1314 1469 1369 δὲ
1486 1313 1720 1384 χρόνον,
1742 1313 1844 1370 τόν

163 1419 226 1468 γε
262 1395 335 1461 ῶς
362 1395 589 1467 ἀληθῶς
618 1396 797 1466 ἄνδρα
828 1397 1016 1451 ἐατέον
1050 1396 1161 1451 ἐστὶ
1190 1396 1282 1450 καὶ
1312 1394 1381 1450 ού
1415 1399 1840 1468 φιλοψυχητέον,
1872 1409 1905 1454 B

163 1477 303 1535 ἄλλα
328 1481 694 1548 ἐπιτρέψαντα
713 1478 838 1546 περὶ
866 1476 1084 1532 τούτων
1110 1483 1188 1548 τῷ
1217 1482 1335 1549 θεῷ
1357 1479 1448 1533 καὶ
1468 1478 1842 1535 πιστεύσαντα

162 1573 280 1627 ταῖς
297 1563 566 1631 γυναιξὶν,
589 1559 623 1614 ὅ
625 1583 674 1614 τι
692 1558 794 1630 τὴν
815 1561 1151 1629 εἱμαρμένην
1169 1555 1293 1613 οὐδ’
1318 1555 1391 1613 ἂν
1410 1556 1485 1623 εἷς
1504 1559 1758 1630 ἐκφύγοι,
1778 1557 1839 1615 τό

164 1645 252 1699 ἐπὶ
271 1641 449 1716 τούτῳ
469 1643 753 1712 σκεπτέον,
765 1639 862 1696 τίν’
878 1638 951 1695 ἄν
969 1640 1179 1710 τρόπον
1197 1646 1400 1696 τοῦτον
1415 1636 1482 1697 ὃν
1500 1643 1690 1713 μέλλοι
1707 1641 1839 1713 χρό-

164 1749 269 1783 νον
285 1732 484 1798 βιῶναι
504 1723 578 1790 ὡς
595 1724 791 1792 ἄριστα
810 1725 952 1798 βιῷη
967 1766 982 1794 ,
1026 1717 1132 1792 ἆρα
1164 1726 1430 1792 ἐξομοιῶν
1458 1722 1633 1781 αὑτὸν
1651 1731 1716 1799 τῇ
1736 1746 1842 1781 πο-

164 1815 335 1882 λιτείᾳ
355 1808 527 1880 ταύτῃ
548 1809 610 1863 έν
627 1800 667 1880 ᾗ
685 1802 757 1861 ἄν
777 1811 920 1878 οἰκῇ,
933 1808 1025 1861 καὶ
1045 1811 1152 1861 νῦν
1172 1806 1231 1862 δὲ
1250 1805 1358 1875 ἄρα
1379 1811 1467 1863 δεῖ
1480 1809 1540 1864 σὲ
1560 1805 1633 1873 ῶς
1653 1805 1845 1879 ὁμοιό-
1868 1818 1953 1868 512

162 1914 328 1948 τατον
346 1895 640 1960 γίγνεσθαι
659 1894 734 1961 τῷ
757 1890 910 1961 δήμῳ
930 1895 1007 1963 τῷ
1020 1886 1350 1961 Ἀθηναίων,
1365 1895 1416 1946 εί
1430 1894 1644 1962 μέλλεις
1662 1891 1840 1967 τούτῳ

164 1971 475 2043 προσφιλὴς
512 1970 653 2027 εἶναι
689 1972 781 2028 καὶ
818 1974 956 2042 μέγα
986 1971 1267 2027 δύνασθαι
1285 1974 1348 2027 ἐν
1365 1979 1431 2044 τῇ
1454 1973 1634 2028 πόλει·
1681 1971 1840 2030 τοῦθ’

163 2055 268 2124 ὅρα
289 2060 339 2110 εἰ
354 2057 439 2109 σοὶ
458 2062 732 2110 λυσιτελεῖ
744 2057 836 2110 καὶ
863 2058 1008 2126 ἐμοί,
1040 2054 1191 2119 ὅπως
1209 2055 1314 2125 μή,
1346 2047 1392 2110 ῶ
1411 2056 1689 2130 δαιμόνιε,
1721 2077 1841 2114 πει-

163 2138 380 2206 σόμεθα
417 2133 554 2205 ὅπερ
590 2138 727 2206 φασὶ
764 2136 858 2202 τὰς
887 2135 991 2207 τὴν
1018 2137 1260 2207 σελήνην
1295 2138 1703 2212 καθαιρούσας,
1743 2137 1842 2206 τὰς

164 2222 492 2283 Θετταλίδας
506 2239 518 2250 ·
557 2216 665 2273 σὺν
676 2230 788 2284 τοῖς
807 2220 1088 2290 φιλτάτοις
1105 2217 1138 2290 ἡ
1159 2222 1365 2288 αἵρεσις
1383 2217 1516 2289 ἡμῖν
1536 2224 1686 2276 ἔσται
1704 2222 1843 2276 ταύ-

163 2323 259 2371 της
281 2306 375 2370 τῆς
396 2299 682 2370 δυνάμεως
699 2307 795 2371 τῆς
813 2303 874 2356 ἐν
892 2308 961 2373 τῇ
979 2301 1150 2356 πόλει.
1205 2305 1255 2356 εἰ
1271 2303 1334 2356 δέ
1350 2317 1437 2355 σοι
1456 2309 1558 2356 οἴει
1578 2299 1842 2358 ὁντινοῦν

161 2381 483 2451 ἀνθρώπων
521 2384 874 2453 παραδώσειν
908 2386 1104 2454 τέχνην
1138 2381 1263 2437 τινὰ
1299 2382 1588 2455 τοιαύτην,
1626 2383 1743 2455 ἥτις
1779 2401 1841 2441 σε

161 2468 376 2539 ποιήσει
405 2469 544 2538 μέγα
574 2468 858 2523 δύνασθαι
887 2471 950 2523 ἐν
979 2474 1046 2539 τῇ
1074 2466 1234 2523 πόλει
1261 2470 1390 2541 τῇδε
1410 2465 1681 2539 ἀνόμοιον
1700 2467 1837 2525 ὄντα
1869 2482 1903 2524 Β

161 2557 229 2623 τῇ
249 2557 491 2623 πολιτείᾳ
510 2548 610 2606 εἴτ’
631 2553 716 2606 ἐπὶ
748 2549 807 2605 τὸ
829 2554 1048 2623 βέλτιον
1067 2550 1168 2608 εἴτ’
1189 2553 1276 2607 ἐπὶ
1293 2551 1354 2606 τὸ
1375 2563 1588 2623 χεῖρον,
1630 2550 1701 2618 ὡς
1721 2555 1840 2626 ἐμοὶ

163 2637 340 2704 δοκεῖ,
361 2630 465 2689 οὐκ
487 2631 674 2702 ὀρθῶς
693 2635 951 2704 βουλεύει
966 2677 982 2704 ,
1005 2627 1050 2689 a}
1066 2639 1394 2700 Καλλίκλεις
1409 2657 1420 2668 ·
1455 2634 1525 2691 ού
1543 2637 1648 2707 γὰρ
1669 2659 1838 2708 μιμη-

159 2711 264 2785 τὴν
292 2718 374 2771 δεῖ
403 2713 543 2770 εἶναι
570 2713 685 2770 ἀλλ’
719 2714 1015 2786 αὐτοφυῶς
1043 2715 1239 2787 ὅμοιον
1269 2716 1513 2788 τούτοις,
1553 2722 1604 2773 εί
1627 2719 1840 2789 μέλλεις

160 2819 213 2852 τι
229 2797 465 2868 γνήσιον
491 2797 900 2871 ἀπεργάζεσθαι
929 2806 1005 2866 εἰς
1031 2804 1224 2871 φιλίαν
1244 2805 1324 2872 τῷ
1345 2796 1662 2870 Ἀθηναίων
1680 2797 1835 2872 δήμῳ
