1962 3112
89 96 149 188 οι
423 94 427 96 ἡ
583 104 586 106 ’
744 131 1119 180 ΓοΡιἾΑΣ.
1674 128 1779 181 289

94 271 187 327 καὶ
203 267 380 334 θεοὺς
394 269 487 324 καὶ
507 263 850 337 ἀνθρώπους
865 261 971 334 τὴν
984 269 1285 320 κοινωνίαν
1301 264 1554 334 συνέχειν
1570 267 1660 320 καὶ
1682 286 1779 334 φι-
1804 263 1892 312 508

97 358 221 408 λίαν
240 352 338 407 καὶ
350 347 685 420 κοσμιότητα
703 348 796 403 καὶ
816 345 1194 417 σωφροσύνην
1216 348 1307 402 καὶ
1327 345 1667 416 δικαιότητα,
1687 349 1776 402 καὶ

97 433 160 489 τὸ
180 431 317 488 ὅλον
335 437 500 487 τοῦτο
521 429 611 486 διὰ
634 434 808 484 ταῦτα
826 428 1042 497 κόσμον
1066 435 1354 499 καλοῦσιν,
1376 422 1420 484 ῶ
1443 429 1649 499 ἑταῖρε,
1673 426 1778 485 οὐκ

96 514 372 586 ἀκοσμίαν
393 510 524 569 οὐδὲ
543 510 862 567 ἀκολασίαν.
902 507 974 564 σὺ
995 510 1058 564 δέ
1077 531 1172 580 μοι
1196 513 1378 575 δοκεῖς
1396 508 1465 566 ού
1487 515 1778 582 προσέχειν

97 597 198 653 τὸν
217 603 361 652 νοῦν
379 595 623 664 τούτοις,
663 594 754 648 καὶ
781 597 954 647 ταῦτα
985 589 1161 662 σοφὸς
1189 591 1295 663 ὤν,
1337 591 1475 647 ἀλλὰ
1497 593 1703 663 λέληθέ
1717 608 1779 648 σε

97 679 184 735 ὅτι
202 701 236 750 η
259 678 443 748 ἰσότης
471 674 506 748 ἡ
536 673 874 746 γεωμετρικὴ
898 674 990 729 καὶ
1011 675 1072 728 ἐν
1090 681 1246 738 θεοῖς
1265 675 1356 729 καὶ
1375 677 1436 730 ἐν
1455 673 1779 742 ἀνθρώποις

99 764 239 832 μέγα
261 759 521 816 δύναται·
543 755 615 812 σύ
639 756 698 813 δὲ
716 761 1039 822 πλεονεξίαν
1060 763 1163 812 οἰει
1182 760 1299 812 δεῖν
1313 755 1504 813 ἀσκεῖν
1519 779 1530 790 ·
1567 779 1780 830 γεωμε-

98 848 253 912 τρίας
269 840 376 913 γὰρ
397 838 626 910 ἀμελεῖς.
677 837 815 895 εἷεν·
850 835 888 910 ἢ
916 841 1254 909 έξελεγκτέος
1273 839 1342 910 δὴ
1365 833 1531 906 οὗτος
1558 837 1587 896 ὁ
1615 840 1779 911 λόγος

98 922 234 997 ἡμῖν
262 926 437 994 ἐστίν,
479 920 554 986 ῶς
582 919 652 977 οὐ
683 920 1041 993 δικαιοσύνης
1070 923 1163 978 καὶ
1197 923 1572 996 σωφροσύνης
1590 924 1779 997 κτήσει
1807 929 1840 971 Β

102 1005 428 1078 εὐδαίμονες
445 1008 504 1062 οἰ
519 1003 872 1076 εὐδαίμονες,
907 1010 1102 1071 κακίας
1131 1006 1189 1062 δὲ
1209 1009 1266 1061 oc
1280 1005 1470 1063 ἄθλιοι
1488 1005 1720 1063 *ἄθλιοι
1732 1013 1776 1079 *,

100 1085 139 1162 ἦ
158 1095 210 1147 εἰ
228 1082 392 1154 οὗτος
411 1086 626 1160 ἀληθής
645 1090 757 1143 ἐστι
771 1130 784 1155 ,
819 1090 1085 1143 σκεπτέον
1104 1094 1162 1143 τί
1173 1087 1239 1143 τὰ
1260 1094 1654 1160 συμβαίνοντα.
1710 1089 1777 1147 τοὶ

0 1202 4 1225 ;
100 1173 355 1244 πρόσθεν
374 1174 584 1243 ἐκεῖνα,
607 1165 650 1227 ὦ
673 1177 723 1226 Κ
723 1176 1339 1242 αλλίκλεις,,συμβαίνει
1358 1172 1568 1243 πάντα,
1591 1171 1671 1244 ἐφ’
1695 1170 1778 1240 οἷς

0 1249 5 1327 Ξ
101 1256 173 1313 σύ
191 1277 258 1328 με
275 1254 437 1327 ἤρου,
459 1258 510 1310 εἰ
528 1253 857 1320 σπουδάζων
874 1256 1101 1324 λέγοιμι,
1116 1256 1349 1324 λέγοντα
1366 1252 1452 1310 ὅτι
1469 1275 1780 1327 κατηγορη-

100 1342 227 1396 τέον
261 1346 343 1408 εἰη
371 1338 463 1392 καὶ
493 1334 668 1391 αὑτοῦ
698 1337 790 1391 καὶ
819 1338 966 1401 υίέος
994 1338 1084 1391 καὶ
1114 1337 1360 1407 ἑταίρου,
1400 1335 1499 1391 ἐάν
1522 1359 1574 1391 τι
1593 1335 1777 1410 ἀδικῇ,

107 1422 197 1476 καὶ
216 1425 284 1492 τῇ
303 1421 565 1491 ῥητορικῇ
586 1420 670 1472 ἐπὶ
689 1423 852 1473 τοῦτο
872 1418 1162 1489 χρηστέον·
1197 1419 1289 1475 καὶ
1308 1415 1345 1473 ‹32
1361 1423 1566 1475 Πῶλον
1586 1419 1781 1490 αἰσχύ-

108 1524 175 1575 νῃ
193 1499 311 1574 ᾤου
329 1510 653 1570 συγχωρεῖν,
673 1498 858 1570 ἀληθῆ
878 1497 986 1568 ἄρα
1004 1492 1100 1570 ἦν,
1121 1497 1183 1554 τὸ
1203 1498 1344 1554 εἶναι
1361 1499 1423 1555 τὸ
1445 1498 1658 1556 ἀδικεῖν
1677 1506 1778 1555 τοῦ
1811 1509 1842 1552 C

104 1582 447 1650 ἀδικεῖσθαι,
486 1581 707 1656 ὅσῳπερ
737 1590 981 1653 αἴσχιον,
1018 1581 1267 1656 τοσούτῳ
1296 1581 1520 1638 κάκιον·
1570 1580 1780 1638 καὶτὸν

103 1668 372 1740 μέλλοντα
394 1662 583 1733 ὀρθῶς
602 1663 896 1735 ῥητορικὸν
918 1670 1145 1721 ἔσεσθαι
1172 1667 1389 1719 δίκαιον
1407 1663 1516 1735 ἄρα
1540 1668 1627 1720 δεῖ
1641 1663 1781 1721 εἶναι

102 1750 196 1806 καὶ
213 1746 547 1817 ἐπιστήμονα
565 1751 679 1801 τῶν
698 1750 943 1817 δικαίων,
966 1743 995 1801 ὃ
1017 1740 1089 1801 αὖ
1104 1751 1349 1817 Γοργίαν
1368 1752 1472 1820 ἔφη
1493 1753 1692 1814 Πῶλος
1712 1747 1777 1804 δι’

100 1829 372 1900 αἰσχύνην
399 1826 750 1899 ὁμολογῆσαι.

241 1916 421 1967 Lxlv.
502 1909 732 1965 Τούτων
765 1911 823 1967 δὲ
854 1909 1032 1975 οὕτως
1060 1911 1300 1982 ἐχόντων
1331 1914 1687 1984 σκεψώμεθα,
1729 1919 1786 1971 τί

105 1991 222 2051 ποτ’
242 1994 389 2049 ἐστὶν
408 1987 442 2047 ἃ
462 1990 534 2046 σύ
554 1993 671 2062 ἐμοὶ
690 1989 994 2064 ὀνειδίζεις,
1037 1988 1146 2065 ἀρα
1175 2000 1358 2060 καλῶς
1387 1999 1597 2065 λέγεται
1627 1992 1664 2067 ἢ
1689 1996 1778 2067 οὔ,

109 2074 183 2141 ῶς
209 2074 317 2145 ἄρα
344 2071 450 2143 έγῶ
483 2071 584 2144 οὐχ
613 2070 729 2139 οἶός
754 2072 797 2129 τ’
820 2077 927 2146 εἰμὶ
955 2081 1235 2148 βοηθῆσαι
1264 2074 1392 2132 οὔτε
1413 2079 1633 2152 ἐμαυτῷ
1651 2077 1780 2135 οὔτε

102 2164 218 2214 τῶν
250 2162 430 2227 φίλων
469 2154 657 2211 οὐδενὶ
693 2154 823 2212 οὐδὲ
859 2162 974 2212 τῶν
1011 2161 1256 2229 οἰκείων,
1295 2155 1423 2213 οὐδ’
1453 2161 1687 2216 ἐκσῶσαι
1721 2163 1780 2217 ἐκ

36 2266 42 2270 ·
103 2246 216 2295 τῶν
235 2246 506 2309 μεγίστων
526 2236 824 2308 κινδύνων,
845 2240 953 2309 εἰμὶ
973 2241 1031 2294 δὲ
1050 2240 1137 2295 ἐπὶ
1155 2245 1234 2311 τῷ
1250 2243 1572 2317 βουλομένω
1596 2240 1780 2315 ὥσπερ

103 2324 163 2377 οί
176 2319 358 2390 ἄτιμοι
377 2325 478 2374 τοῦ
502 2320 811 2390 ἐθέλοντος,
835 2319 905 2374 ἄν
927 2342 985 2374 τε
1004 2320 1227 2376 τύπτειν
1250 2322 1544 2393 βούληται,
1565 2321 1626 2380 τὸ
1650 2345 1780 2380 νεα·
1816 2329 1851 2372 l)

110 2398 272 2459 νικόν
292 2399 358 2471 δὴ
381 2406 544 2455 τοῦτο
574 2406 676 2455 τοῦ
699 2406 803 2455 σοῦ
826 2401 1028 2472 λόγου,
1066 2404 1151 2456 ἐπὶ
1178 2402 1410 2474 κόρρης,
1451 2402 1551 2459 ε’ἀν
1569 2426 1627 2460 τε
1645 2404 1781 2477 χρή-

107 2505 250 2556 ματα
273 2482 634 2553 ἀφαιρεῖσθαι
648 2525 662 2548 ,
699 2482 799 2538 ἐάν
818 2504 874 2537 τε
894 2482 1184 2554 ἐκβάλλειν
1202 2487 1261 2539 ἐκ
1281 2491 1375 2556 τῆς
1400 2485 1640 2556 πόλεως,
1678 2488 1780 2544 ἐάν

105 2586 191 2634 τε,
228 2564 289 2621 τό
321 2569 576 2635 ἔσχατον,
617 2562 960 2621 ἀποκτεῖναι·
1014 2567 1105 2621 καὶ
1134 2565 1281 2622 οὕτω
1303 2570 1616 2623 διακεῖσθαι
1635 2570 1783 2626 πάν-

108 2668 219 2702 των
249 2645 316 2718 δὴ
339 2646 619 2717 αἴσχιστόν
649 2649 824 2718 ἐστιν,
875 2644 947 2712 ὥς
981 2645 1009 2703 ὁ
1038 2647 1133 2712 σός
1163 2648 1338 2720 λόγος.
1394 2645 1423 2705 ὁ
1456 2648 1515 2706 δὲ
1544 2647 1610 2721 δὴ
1655 2645 1786 2720 ἐμὸς

107 2725 276 2799 ὅστις,
294 2728 560 2794 πολλάκις
579 2729 683 2799 μὲν
698 2728 802 2800 ἤδη
836 2736 1070 2801 εἰρηται,
1113 2727 1278 2787 οὐδὲν
1298 2731 1357 2787 δὲ
1377 2733 1576 2787 κωλύει
1595 2734 1686 2790 καὶ
1706 2737 1783 2790 ἔτι

59 2823 61 2826 “
106 2811 366 2878 λέγεσθαι
381 2829 393 2840 ·
429 2808 500 2864 οὔ
519 2832 685 2883 φημι,
707 2804 755 2866 ὦ
774 2816 1111 2881 Καλλίκλεις,
1136 2810 1196 2869 τό
1218 2813 1524 2870 τύπτεσθαι
1542 2817 1629 2872 ἐπὶ
1648 2814 1784 2886 κόρ-

53 2909 63 2920 *
247 2899 398 2943 ΡιΛτο
431 2899 502 2944 ΙΙΙ.
1477 2904 1530 2950 19
