2020 3094
42 0 178 31 ‘3⁸⁷0'

49 119 79 165 9
624 116 1174 168 ΕΥΘΤΔΗΜΟΣ.
1662 110 1734 163 97

54 250 268 328 σθαι,ἦ
288 253 337 311 δ’
362 254 452 324 ὅς,
494 252 630 309 ἄλλο
649 274 700 308 τι
720 248 757 323 ἦ
776 255 919 321 ἔχειν
937 249 1240 349 ἐπιστήμην
1255 247 1361 321 ἤδη
1381 250 1558 311 ἐστίν;
1576 253 1735 302 Συν-

54 342 179 409 ἐφη.
282 335 357 394 TC>
396 335 507 406 ἄρα
560 336 634 407 μὴ
678 337 1006 390 ἐπίστασθαι
1050 332 1214 403 μήπω
1253 336 1396 402 ἔχειν
1432 328 1735 400 ἐπιστήμην
1765 338 1797 382 G

54 423 232 487 ἐστίν;
264 418 555 490 Ὡμολόγει
585 415 751 490 αὐτῷ.
790 414 1041 484 Πότερον
1061 408 1167 470 οὖν
1186 416 1326 472 εἰσὶν
1343 414 1402 468 οἱ
1415 408 1736 510 λαμβάνον-

53 523 143 567 τες
171 500 366 557 ὁτιοῦν
398 504 456 557 οἰ
480 506 696 571 ἔχοντες
734 498 840 570 ἤδη
879 494 916 568 ἦ
936 493 1045 553 οἳ’“
1009 519 1082 552 αν
1100 495 1203 568 μή;
1242 491 1368 552 Οἳ’“
1332 517 1406 550 αν
1425 494 1499 566 μὴ
1521 498 1734 565 ἔχωσιν.

0 614 5 633 ·=
57 581 291 639 Οὐκοῦν
312 581 671 654 ὡμολόγηκας
690 579 832 636 εἶναι
851 579 1069 635 τούτων
1087 579 1179 634 καὶ
1198 576 1330 643 τούς
1347 576 1420 649 μὴ
1443 579 1736 648 ἐπισταμέ-

55 688 218 735 νους,
248 687 363 720 των
379 663 453 735 μή
474 664 742 735 ἐχόντων;
777 664 1106 718 Κατένευσε.
1188 666 1314 715 Των
1333 659 1736 732 λαμβανόντων

54 746 128 814 ἄρ
133 744 311 803 ἐἰσὶν
329 750 388 802 οἱ
398 746 807 818 μανθάνοντες,
828 741 951 800 ἀλλ’
975 740 1045 798 οὐ
1063 746 1180 797 τῶν
1196 741 1464 812 ἐχόντων;
1483 745 1733 812 Συνέφη.

57 832 134 886 Οἱ
145 827 220 901 μὴ
239 827 657 900 ἑπιστάμενοι”
619 850 757 900 αρα,
794 832 930 897 ἔφη,
966 821 1385 895 μανθάνουσιν,
1426 815 1471 878 ὦ
1487 828 1735 894 Κλεινία,

54 909 180 969 ἀλλ’
201 908 302 982 οὐχ
320 913 378 967 οἱ
390 909 755 982 ἐπιστάμενοι.

197 1000 306 1050 Vll.
371 994 485 1050 ”En
516 991 582 1065 δὴ
612 994 700 1049 ἐπὶ
727 991 790 1048 τὸ
820 995 1009 1060 τρίτον
1038 992 1365 1059 καταβαλῶν
1404 985 1588 1058 ὥσπερ
1627 986 1737 1042 πά-

56 1084 259 1148 λαισμα
279 1097 436 1147 ωρμα
457 1072 486 1130 ὁ
507 1072 848 1146 Εὐθύδημος
866 1072 967 1128 τὸν
986 1076 1306 1128 νεανίσκον·
1328 1071 1417 1127 καὶ
1437 1074 1543 1142 ἐγω
1563 1067 1736 1141 γνοὺς
1765 1086 1801 1127 D

55 1158 457 1257 βαπτιζόμενον
474 1157 536 1213 τό
551 1156 856 1229 μειράκιον,
877 1154 1217 1227 βουλόμενος
1236 1151 1558 1210 ἀναπαῦσαι
1575 1149 1735 1223 αυτό,

56 1237 131 1311 μὴ
150 1237 284 1311 ἡμῖν
302 1237 727 1310 ἀποδειλιάσειε,
749 1237 1258 1310 παραμυθούμενος
1277 1235 1457 1293 εἷπον·
1485 1228 1551 1290 Ὦ
1569 1240 1738 1290 Κλει-

56 1327 148 1377 νία
160 1363 176 1391 ,
213 1319 287 1393 μή
307 1322 586 1393 θαύμαζε,
624 1328 677 1378 εἰ
691 1337 779 1376 σοι
798 1325 1093 1391 φαίνονται
1110 1317 1308 1392 ἀήθεις
1325 1321 1382 1375 oc
1394 1318 1566 1389 λόγοι.
1605 1325 1738 1382 ἴσως

0 1425 2 1438 ·
55 1401 166 1474 γὰρ
186 1400 291 1461 οὐκ
311 1403 599 1473 αἰσθάνει,
636 1400 759 1474 οἷον
777 1414 1021 1459 ποιεῖτον
1037 1425 1114 1459 τω
1135 1403 1270 1469 ξένω
1291 1403 1415 1473 περὶ
1435 1403 1498 1456 σε’
1511 1422 1522 1432 ·
1562 1411 1738 1457 ποιεῦ·

55 1507 157 1541 τον
181 1485 242 1542 δὲ
269 1483 502 1556 ταύτόν,
544 1482 682 1555 ὅπερ
712 1487 770 1540 οἰ
794 1487 856 1542 ἐν
885 1491 952 1559 τῇ
982 1491 1173 1556 τελετῇ
1202 1491 1315 1540 τῶν
1331 1482 1734 1556 Κορυβάντων,

56 1565 196 1624 ὅταν
221 1566 326 1639 τὴν
351 1567 643 1637 θρόνωσιν
676 1573 877 1623 ποιῶσι
907 1568 1032 1637 περὶ
1058 1573 1284 1637 τοῦτον,
1323 1563 1392 1621 ὃν
1411 1561 1482 1620 ἂν
1499 1568 1736 1636 μέλλωσι

56 1655 248 1706 τελεῖν.
287 1648 504 1720 καὶγὰρ
522 1651 637 1706 ἐκεῖ
647 1654 834 1720 χορεία
854 1654 934 1714 τίς
952 1650 1065 1705 ἐστι
1082 1649 1174 1704 καὶ
1194 1647 1384 1703 παιδιά
1397 1689 1413 1719 ,
1453 1651 1503 1703 εί
1518 1646 1627 1717 ἄρα
1647 1649 1738 1703 καὶ

57 1734 355 1789 τετέλεσαι·
393 1733 485 1788 καὶ
520 1737 632 1788 νῦν
659 1730 838 1787 τούτω
869 1728 1036 1787 οὐδὲν
1065 1728 1201 1786 ἄλλο
1229 1725 1266 1801 ἦ
1293 1729 1590 1801 χορεύετον
1612 1732 1738 1801 περὶ
1768 1747 1802 1789 Ε

57 1815 119 1872 σὲ
138 1816 230 1872 καὶ
248 1813 370 1873 οἷον
387 1813 685 1887 ὀρχεῖσθον
704 1819 955 1882 παίζοντε
969 1856 984 1883 ,
1023 1810 1096 1878 ὡς
1122 1811 1257 1885 μετὰ
1275 1819 1440 1869 τοῦτο
1461 1819 1736 1869 τελοῦντε.

58 1903 170 1954 νῦν
198 1892 306 1955 οὖν
333 1898 570 1970 νόμισον
598 1895 665 1954 τά
696 1903 887 1967 πρῶτα
916 1903 1031 1952 τῶν
1059 1898 1226 1965 ἱερῶν
1258 1893 1487 1952 άκούειν
1508 1902 1622 1951 τῶν
1641 1914 1739 1952 σο-

58 1986 346 2051 φιστιοιῶν.
377 1985 602 2051 πρῶτον
617 1977 726 2051 γάρ
738 2021 754 2050 ,
795 1977 869 2045 ὥς
888 1995 1025 2050 φησι
1042 1978 1348 2048 Πρόδικος,
1386 1978 1511 2050 περὶ
1527 1975 1738 2049 ὀνομά-

57 2082 173 2117 των
190 2059 496 2133 ὀρθότητος
514 2068 720 2133 μαθεῖν
741 2064 847 2117 δεῖ·
878 2058 911 2117 ὂ
931 2059 998 2133 δὴ
1018 2062 1108 2118 καὶ
1128 2061 1535 2119 ἐνδείκνυσθόν
1553 2078 1641 2118 σοι
1659 2058 1735 2117 τοὶ

59 2146 224 2215 ξένω,
261 2141 347 2201 ὅτι
377 2140 482 2201 οὐκ
519 2139 758 2217 ᾔδεισθα
787 2141 848 2199 τὸ
882 2143 1199 2215 μανθάνειν
1228 2141 1313 2200 ὅτι
1354 2146 1412 2199 οἰ
1441 2142 1737 2216 ἅνθρωποι

57 2232 291 2284 καλοῦσι
316 2225 418 2297 μὲν
446 2226 531 2282 ἐπὶ
559 2233 637 2300 τῷ
664 2229 886 2300 τοιῷδε,
923 2225 1059 2282 ὅταν
1087 2248 1167 2292 τις
1198 2228 1254 2292 ἐξ
1273 2226 1443 2298 ἀρχῆς
1465 2230 1737 2297 μηδεμίαν

57 2312 199 2382 ἔχων
235 2308 538 2380 ἐπιστήμην
576 2309 700 2378 περὶ
736 2307 1055 2380 πράγματός
1092 2330 1240 2375 τινος
1277 2313 1460 2365 ἔπειτα
1498 2306 1736 2379 ὕστερον

58 2389 234 2448 αὑτοῦ
254 2391 511 2464 λαμβάνῃ
530 2389 634 2463 τὴν
659 2391 988 2463 ἐπιστήμην,
1026 2397 1260 2446 καλοῦσι
1288 2389 1346 2446 δὲ
1373 2387 1540 2446 ταύτὸ
1571 2397 1736 2448 τοῦτο
1765 2408 1853 2455 278

55 2475 150 2533 καὶ
175 2472 401 2531 ἐπειδᾶν
430 2478 571 2544 ἔχων
598 2472 705 2546 ἤδη
732 2473 835 2546 τὴν
862 2473 1162 2546 ἐπιστήμην
1180 2473 1354 2547 ταύτῃ
1381 2479 1451 2547 τῇ
1468 2474 1737 2548 ἐπιστήμῃ

55 2555 261 2615 ταύτὸν
278 2563 443 2614 τοῦτο
464 2563 686 2628 πρᾶγμα
706 2558 975 2629 ἐπισκοπῇ
994 2553 1031 2628 ἢ
1050 2556 1430 2628 πραττόμενον
1450 2552 1487 2628 ἦ
1507 2557 1735 2628 λεγόμε-

55 2662 176 2698 νον.
212 2646 424 2711 μᾶλλον
453 2642 554 2711 μὲν
583 2638 716 2696 αὐτὸ
751 2643 995 2707 ξυνιέναι
1023 2645 1295 2697 καλοῦσιν
1326 2635 1365 2711 ἦ
1399 2639 1734 2710 μανθάνειν,

55 2727 171 2780 ἔστι
191 2721 244 2778 δ’
275 2719 366 2779 ὅτε
398 2723 491 2778 καὶ
509 2723 846 2793 μανθάνειν·
888 2723 946 2780 σὲ
968 2723 1027 2781 δὲ
1067 2729 1252 2794 τοῦτο,
1291 2719 1365 2787 ὡς
1385 2715 1542 2778 οὗτοι
1559 2724 1736 2779 ἐνδεί-

54 2826 309 2929 azmurgen,
323 2807 634 2928 Oulzllie'lnve,
649 2802 813 2860 ταύτό
837 2803 1015 2878 ὄνομα
1033 2804 1119 2862 ἐπ’
1135 2804 1458 2875 ἀνθρώποις
1477 2805 1736 2870 ἐναντίως

235 2897 350 2929 tuo
450 2917 463 2930 .
1451 2886 1476 2930 7
