1962 3112
45 221 260 296 μισθὸν
276 222 594 294 πράξασθαι
611 218 738 277 οὐδ’
759 223 1040 287 ἐπιδείξεις
1070 220 1415 292 ποιήσασθαι
1434 221 1496 274 ἐν
1514 239 1722 274 παντο-

52 309 248 371 δαποῖς
267 300 592 373 ἀνθρώποις
618 311 715 374 τῆς
743 304 945 360 ἑαυτοῦ
965 307 1190 373 σοφίας·
1229 299 1406 366 οὕτως
1423 294 1567 372 ἦσαν
1587 298 1788 371 εὐή-Ι)

45 395 171 452 θεις
187 388 279 443 καὶ
298 386 551 456 ἐλελήθει
577 384 782 451 αὐτοὺς
811 384 1085 456 ἀργύριον
1114 407 1188 450 ως
1215 390 1429 441 πολλοῦ
1446 383 1602 450 ἄξιον
1620 390 1720 454 εἴη.

47 470 264 525 τούτων
283 466 380 524 δ”
353 468 608 538 εκάτερος
629 469 799 524 πλέον
817 466 1091 538 ἀργύριον
1108 465 1216 523 ἀπὸ
1231 476 1430 538 σοφίας
1442 475 1723 537 εἴργασται

49 546 88 622 ἦ
113 550 279 615 ἄλλος
307 548 644 621 δημιουργὸς
674 547 776 619 ἀφ’
805 542 872 620 ἧς
888 548 1040 615 τινὸς
1057 551 1273 620 τέχνης·
1313 551 1404 604 καὶ
1425 554 1503 604 ἔτι
1522 547 1724 620 πρότε-

50 653 147 702 ρος
163 631 381 688 τούτων
397 632 669 703 Πρωταγο
674 654 787 703 ρας

187 721 268 772 111.
339 720 442 771 ΙΠ.
498 714 683 771 Οὐδὲν
701 716 839 787 γάρ,
878 739 920 771 ω
941 714 1262 786 Σώκρατες,
1303 713 1470 770 οἶσθα
1490 721 1602 770 τῶν
1623 735 1724 769 κα·-

0 791 160 855 λων
187 801 312 869 περὶ
331 804 512 853 τοῦτο.
543 803 594 854 εἰ
609 796 715 869 γὰρ
737 797 1015 870 εἰδείης,”
982 816 1117 854 οσον
1137 797 1408 869 ἀργύριον
1433 805 1726 868 εἴργασμαι

0 936 3 955 ‚
47 881 158 951 ἐγώ
170 924 184 949 ,
223 878 595 953 θαυμάσαις”
558 902 654 935 αν·
680 881 771 936 καὶ
790 903 855 936 τα
877 885 981 952 μὲν
999 881 1140 938 αλλα
1158 883 1231 936 ἐῶ
1245 923 1258 949 ,
1299 880 1638 951 ἀφικόμενος
1658 882 1722 935 δέ

45 983 179 1019 ποτε
198 969 274 1029 εἰς
290 970 571 1032 Σικελίαν,
591 963 971 1033 Πρωταγόρου
995 964 1200 1020 αὐτόθι
1219 967 1617 1036 ἐπιδημοῦντος
1635 963 1726 1018 καὶ
1757 976 1790 1017 Ε

48 1042 479 1118 εὐδοκιμοῦντος
509 1046 600 1100 καὶ
618 1048 999 1117 πρεσβυτέρου
1027 1045 1188 1112 ὄντος
1209 1048 1337 1116 [καὶ]
1360 1044 1505 1102 πολὺ
1526 1045 1726 1101 νεώτε*

22 1195 29 1203 ⁸
48 1149 145 1197 ρος
173 1122 254 1184 ὄν
278 1129 340 1183 ἐν
370 1125 537 1201 ὀλίγῳ
565 1129 750 1201 χρόνῳ
791 1129 943 1184 πάνυ
982 1131 1152 1185 πλέον
1185 1126 1222 1200 ἢ
1257 1130 1599 1199 πεντήκοντα
1635 1130 1727 1183 καὶ

45 1209 245 1267 ἑκατὸν
261 1216 404 1280 μνᾶς
423 1212 777 1282 εἰργασάμην,
797 1213 888 1267 καὶ
911 1213 965 1278 ἐξ
986 1211 1107 1277 ἑνός
1123 1233 1186 1282 γε
1203 1215 1409 1281 χωρίου
1430 1209 1580 1265 πάνυ
1600 1225 1727 1280 σμι-

0 1351 1 1357 ,
48 1298 218 1362 ἱεροῦ,
250 1289 492 1362 Ἰνυκοῦ,
531 1295 703 1349 πλέον
735 1290 773 1365 ἦ
807 1301 982 1350 εἰκοσι
1016 1300 1160 1364 μνᾶς
1174 1315 1184 1325 ·
1223 1295 1314 1350 καὶ
1343 1299 1509 1348 τοῦτο
1539 1290 1727 1348 ἐλθών

53 1378 236 1432 οἶκαδε
255 1379 446 1445 φέρων
467 1382 544 1448 τῷ
564 1379 727 1445 πατρὶ
746 1379 952 1447 ἔδωκα,
977 1375 1115 1432 ὥστε
1134 1378 1348 1431 ἐκεῖνον
1367 1373 1607 1440 καὶτοὺς
1623 1373 1725 1430 ἄλ-

53 1464 180 1522 λους
209 1462 432 1523 πολίτας
457 1458 767 1529 θαυμάζειν
790 1481 848 1514 τε
873 1460 965 1515 καὶ
994 1461 1385 1530 ἐκπεπλῆχθαι.
1416 1462 1508 1514 καὶ
1529 1457 1726 1530 σχεδόν

11 1575 14 1621 1
49 1561 97 1596 τι
125 1538 275 1611 οἶμαι
303 1539 395 1611 ἐμὲ
424 1547 593 1597 πλείω
623 1542 889 1614 χρήματα
904 1541 1197 1612 εἰργάσθαι
1226 1538 1263 1613 ἦ
1293 1541 1494 1606 ἄλλους
1514 1541 1726 1596 σύνδυο

15 1669 41 1698 „-
39 1619 315 1688 οὕστινας
332 1622 526 1695 βούλει
543 1630 658 1679 τῶν
676 1642 975 1695 σοφιστων.

42 1710 45 1714 ’
192 1710 318 1761 ΣΩ.
371 1705 564 1762 Καλόν
581 1727 673 1777 γε,
694 1729 736 1761 ω
751 1704 956 1777 Ἱππία,
977 1714 1148 1778 λέγεις
1167 1710 1257 1763 καὶ
1275 1708 1413 1779 μέγα
1433 1704 1729 1778 τεκμήριον

50 1794 253 1859 σοφίας
270 1795 366 1860 τῆς
392 1810 449 1843 τε
470 1796 709 1845 σεαυτοῦ
731 1791 821 1845 καὶ
843 1796 956 1845 τῶν
975 1797 1084 1846 νῦν
1103 1788 1426 1859 ἀνθρώπων
1446 1788 1583 1859 πρὸς
1599 1785 1731 1853 τοῦς
1757 1798 1844 1844 283

67 1867 329 1941 ’ρχαίους,
355 1867 491 1927 ὅσον
512 1874 851 1943 διαφέρουσι.
874 1878 988 1927 τῶν
1002 1869 1108 1943 γὰρ
1128 1874 1415 1943 προτέρων
1431 1874 1555 1942 περὶ
1571 1870 1730 1927 Ἀνα-

117 1951 293 2023 γόρου
314 1954 526 2023 λέγεται
544 1954 717 2026 πολλὴ
738 1953 953 2026 ἀμαθία
972 1952 1110 2010 κατὰ
1133 1954 1231 2009 τὸν
1250 1951 1354 2009 σόν
1374 1954 1540 2024 λόγον
1553 1974 1565 1986 ·
1595 1951 1730 2009 τού-

89 2041 281 2091 αντίον
309 2032 417 2105 γὰρ
451 2032 791 2111 Ἀναξαγόρᾳ
825 2039 963 2107 φασὶ
994 2042 1273 2108 συμβῆναι
1301 2031 1338 2106 ἦ
1360 2033 1518 2107 ὑμῖν
1558 2057 1728 2091 κατα-

115 2117 402 2185 ιφθέντων
429 2115 537 2187 γὰρ
578 2117 729 2193 αὐτῷ
767 2125 990 2176 πολλῶν
1024 2117 1318 2190 χρημάτων
1355 2123 1731 2188 καταμελῆσαι

45 2199 148 2257 ᾶαὶ
177 2197 443 2255 ἀπολέσαι
472 2199 679 2255 πάντα·
718 2199 895 2267 οὕτως
931 2197 1107 2256 αὐτὸν
1142 2198 1350 2270 άνόητα
1389 2204 1729 2278 σοφίζεσθαι.

47 2284 280 2352 λέγουσι
308 2282 366 2338 δὲ
396 2284 488 2338 καὶ
519 2285 642 2353 περὶ
672 2282 857 2340 ἄλλων
880 2291 995 2340 τῶν
1024 2291 1275 2339 παλαιῶν
1301 2285 1460 2352 ἕτερα
1489 2289 1731 2341 τοιαῦτα.

56 2369 219 2421 τοῦτο
248 2364 351 2435 μὲν
379 2358 488 2420 οὖν
517 2387 610 2436 μοι
639 2370 818 2433 δοκεῖς
859 2366 1033 2423 καλὸν
1069 2365 1364 2438 τεκμήριον
1400 2365 1735 2438 ἀποφαίνειν

0 2441 7 2490 ³
57 2447 179 2531 περὶ
204 2453 403 2527 σοφίας
428 2454 541 2503 τῶν
570 2454 680 2503 νῦν
709 2448 847 2518 πρὸς
876 2449 1007 2515 τοῦς
1034 2452 1362 2521 προτέρους,
1394 2452 1485 2507 καὶ
1513 2457 1735 2514 πολλοῖς
1765 2455 1798 2497 Β

63 2532 343 2597 monast,
382 2527 467 2585 ὅτι
498 2529 596 2586 τὸν
627 2532 808 2603 σοφὸν
828 2529 1003 2587 αὐτόν
1021 2529 1173 2603 αὐτῷ
1193 2532 1429 2603 μάλιστα
1450 2536 1534 2588 δεῖ
1552 2528 1734 2603 σοφόν

0 2629 12 2658 ῑῑ
65 2603 221 2670 ’ἔναι’
241 2610 444 2669 τούτου
463 2611 518 2668 δ’
540 2612 670 2680 ὄρος
690 2617 835 2670 ἐστὶν
854 2612 990 2683 ἄρα,
1012 2610 1073 2679 ὃς
1092 2610 1164 2669 ἂν
1183 2621 1440 2670 πλεῖστον
1459 2612 1735 2687 ἀργύριον
