2020 3094
298 77 395 130 148
902 79 1384 128 ΠΛΑΤῼΝΟΣ
1915 84 1973 129 60
2014 66 2020 87 ‘¹

295 208 419 268 πων
443 212 904 284 παρασκευαστὸν
925 211 1246 284 ἀνθρώποις
1260 255 1273 280 ,
1298 211 1505 277 δίκαιός
1527 217 1633 283 εἰμι
1654 217 1838 269 εἰπεῖν.
1861 213 1965 283 ε’γώ

294 293 401 365 γὰρ
427 294 781 367 Ἀθηναίους,
820 295 1005 364 ὥσπερ
1028 298 1116 351 καὶ
1138 300 1194 352 οί
1209 295 1366 351 ἄλλοι
1390 294 1673 367 Ἕλληνες,
1714 296 1853 367 φημὶ
1873 312 1971 350 σο-

296 377 441 448 φοὺς
461 378 612 434 εἶναι.
636 376 748 449 ὁρῶ
769 372 889 448 οὖν,
911 377 1046 432 ὅταν
1066 385 1420 448 συλλεγῶμεν
1440 383 1515 442 εἰς
1534 375 1636 448 τὴν
1655 381 1965 449 ἐκκλησίαν,

296 459 521 515 ἐπειδὰν
554 461 657 531 μὲν
693 463 815 531 περὶ
856 463 1168 530 οἰκοδομίας
1203 483 1255 515 τι
1291 462 1386 532 δέῃ
1418 464 1616 531 πρᾶξαι
1647 459 1750 530 τὴν
1785 459 1965 531 πόλιν,

295 541 424 606 τοὺς
443 542 772 612 οἰκοδόμους
792 543 1313 613 μεταπεμπομένους
1342 542 1698 612 συμβούλους
1717 545 1839 613 περὶ
1859 549 1970 598 τῶν

296 626 781 697 οἰκοδομημάτων,
821 624 954 680 ὅταν
979 624 1035 680 δὲ
1065 627 1188 694 περὶ
1219 634 1552 696 ναυπηγίας,
1591 623 1723 690 τούς
1753 645 1966 696 ναυπη-

238 731 268 772 c
294 708 456 778 γούς,
498 710 586 764 καὶ
611 703 783 764 τᾶλλα
815 708 990 764 πάντα
1022 706 1222 775 οὕτως,
1261 706 1364 763 ὅσα
1385 705 1648 778 ἡγοῦνται
1668 717 1890 780 μαθητα
1912 731 1969 763 τε

295 792 386 846 καὶ
415 792 639 846 διδακτοὶ
672 791 834 847 εἶναι·
874 790 971 848 ἐὰν
1002 794 1064 847 δέ
1078 812 1158 855 τις
1179 788 1344 854 ἄλλος
1365 793 1602 862 ἐπιχειρῇ
1622 788 1807 854 αὐτοῖς
1827 807 1969 861 συμ-

296 874 615 945 βουλεύειν,
651 871 717 929 ὂν
748 876 943 929 ἐκεῖνοι
975 873 1046 944 μὴ
1070 882 1278 929 οἴονται
1300 871 1638 944 δημιουργὸν
1660 871 1824 942 εἶναι,
1861 869 1969 927 κᾶν

297 956 450 1011 πάνυ
481 954 647 1020 καλὸς
674 950 711 1028 ᾗ
740 957 831 1012 καὶ
861 957 1124 1021 πλούσιος
1146 957 1370 1013 καὶτῶν
1389 961 1694 1026 γενναίων,
1733 953 1900 1010 οὐδέν
1919 977 1970 1010 τι

297 1044 511 1108 μᾶλλον
532 1037 920 1138 αποδέχονται,
956 1037 1094 1094 ἀλλὰ
1122 1045 1462 1109 καταγελῶσι
1491 1040 1581 1094 καὶ
1601 1043 1968 1109 θορυβοῦσιν,

297 1123 400 1185 ε’ως
430 1116 555 1175 ὅὶν
530 1143 564 1191 η
601 1118 764 1185 αὐτὸς
805 1118 1019 1194 ἀποστῇ
1054 1119 1082 1176 ὁ
1127 1123 1413 1191 ἐπιχειρῶν
1443 1122 1620 1191 λέγειν
1649 1128 1969 1198 καταθορυ-

296 1210 516 1275 βηθείς,
555 1199 590 1274 ἦ
619 1207 675 1259 οί
703 1202 917 1269 τοξόται
947 1202 1121 1259 αὐτὸν
1159 1202 1550 1274 ἀφελκύσωσιν
1582 1201 1618 1275 ἢ
1655 1206 1970 1272 ἐξαίρωνται

299 1285 648 1341 κελευόντων
668 1294 780 1341 τῶν
811 1287 1154 1356 πρυτάνεων.
1194 1290 1315 1358 περὶ
1333 1288 1433 1359 μὲν
1453 1282 1558 1343 οὖν
1579 1283 1660 1343 ὦν
1683 1295 1892 1342 οἴονται
1910 1288 1970 1342 ἐν

300 1371 460 1440 τέχνῃ
482 1367 646 1440 εἶναι,
687 1368 833 1424 οὕτω
855 1369 1302 1441 διαπράττονται·
1342 1369 1567 1426 ἐπειδὰν
1587 1373 1651 1426 δέ
1664 1393 1714 1425 τι
1736 1372 1858 1440 περὶ
1879 1376 1972 1440 τῆς

214 1459 274 1508 'D
301 1451 510 1515 πόλεως
542 1450 860 1522 διοικήσεως
889 1455 984 1524 δέῃ
1012 1452 1457 1524 βουλεύσασθαι,
1481 1451 1849 1524 συμβουλεύει
1868 1450 1973 1506 αὐ-

297 1544 409 1598 τοῖς
429 1531 788 1604 ἀνιστάμενος
809 1536 926 1604 περὶ
949 1535 1163 1591 τούτων
1181 1534 1380 1606 ὁμοίως
1399 1538 1499 1607 μὲν
1517 1539 1723 1592 τέκτων
1735 1580 1749 1605 ,
1771 1535 1971 1607 ὁμοίως

299 1617 357 1673 δὲ
378 1618 636 1688 χαλκεύς,
659 1618 1021 1688 σκυτοτόμος,
1046 1622 1306 1689 ἔμπορος,
1335 1617 1661 1689 ναύκληρος,
1689 1619 1968 1691 πλούσιος,

297 1703 488 1771 πένης,
521 1712 798 1771 γενναῖος,
831 1699 1093 1772 ἀγεννής,
1128 1701 1218 1756 καὶ
1236 1701 1451 1765 τούτοις
1471 1699 1650 1767 οὐδεὶς
1670 1709 1832 1757 τοῦτο
1853 1705 1971 1757 ἐπι-

299 1782 521 1854 πλήττει
561 1783 745 1853 ὥσπερ
783 1796 894 1848 τοῖς
929 1783 1228 1853 πρότερον,
1270 1782 1353 1838 ὅτι
1393 1782 1712 1855 οὐδαμόθεν
1750 1785 1969 1856 μαθών,

298 1863 428 1921 οὐδὲ
457 1864 617 1930 ὄντος
649 1867 987 1922 διδασκάλου
1018 1863 1248 1929 οὐδενὸς
1280 1863 1458 1939 αὐτῷ,
1499 1872 1682 1922 ἔπειτα
1719 1873 1967 1938 συμβου-·

297 1948 482 2003 λεύειν
512 1950 791 2018 ἐπιχειρεῖ·
830 1952 1001 2020 δῆλον
1019 1947 1154 2018 γάρ,
1194 1946 1278 2002 ὅτι
1297 1945 1397 2018 οὐχ
1425 1945 1692 2018 ἡγοῦνται
1712 1947 1971 2004 διδακτὸν

298 2029 451 2086 εἶναι.
493 2028 566 2101 μὴ
609 2036 801 2086 τοίνυν
831 2030 914 2086 ὅτι
944 2031 1003 2086 τὸ
1036 2029 1230 2086 κοινὸν
1258 2036 1354 2100 τῆς
1383 2030 1594 2096 πόλεως
1632 2029 1809 2096 οὕτως
1845 2036 1968 2101 ἔχει,

233 2130 269 2171 Ε
299 2111 438 2169 ἄλλα
470 2117 581 2188 ἰδίᾳ
608 2111 741 2185 ἡμῖν
770 2117 825 2169 οἶ
853 2114 1167 2184 σοφώτατοι
1207 2114 1295 2167 καὶ
1332 2111 1544 2182 ἄριστοι
1580 2118 1692 2167 τῶν
1730 2118 1970 2168 πολιτῶν

296 2196 507 2268 ταύτην
534 2194 636 2267 τὴν
668 2194 871 2267 αρετήν
904 2194 971 2267 ἠν
1003 2201 1224 2267 ἔχουσιν
1240 2193 1342 2266 οὐχ
1373 2192 1484 2250 οἶοί
1509 2217 1565 2250 τε
1588 2195 1772 2260 α’λλοις
1792 2216 1972 2266 παρα-

299 2278 539 2334 διδόναι·
562 2280 675 2333 ε’πεὶ
696 2285 984 2349 Περικλῆς,
1006 2276 1035 2333 ὃ
1054 2279 1286 2334 τουτωνὶ
1310 2300 1423 2332 των
1445 2282 1752 2333 νεανίσκων
1771 2299 1967 2362 πατηρ,

295 2361 530 2427 τούτους
558 2358 595 2416 ὁὶ
622 2383 721 2432 μεν
752 2362 1101 2418 διδασκάλων
1131 2368 1299 2431 εἴχετο
1320 2366 1501 2425 καλως
1522 2362 1612 2416 καὶ
1633 2355 1697 2416 εὖ
1717 2363 1971 2416 ἐπαίδευ-

183 2456 270 2500 320
297 2460 419 2512 σεν,
461 2440 494 2498 ἃ
525 2443 582 2499 δε
614 2441 781 2509 αὐτὸς
811 2444 983 2515 σοφός
1014 2447 1190 2514 ἐστιν,
1228 2442 1355 2498 ούτε
1377 2441 1546 2508 αὐτὸς
1572 2443 1820 2499 παιδεύει
1840 2441 1969 2498 οὔτε

295 2547 370 2599 τῳ
404 2525 552 2597 ἄλλω
583 2529 989 2598 παραδίδωσιν,
1030 2524 1153 2581 ἀλλ’
1189 2525 1343 2582 αὐτοὶ
1375 2526 1677 2598 περιιόντες
1708 2528 1969 2596 νέμονται

297 2607 482 2677 ὥσπερ
518 2607 707 2677 ἄφετοι
723 2651 738 2678 ,
776 2609 873 2663 ε’άν
892 2629 1003 2664 που
1027 2607 1325 2680 αὐτόματοι
1346 2607 1674 2679 περιτύχωσι
1695 2614 1761 2680 τῇ
1785 2606 1968 2680 αρετῇ.

297 2694 347 2746 εἰ
363 2690 421 2745 δὲ
442 2690 648 2761 βούλει,
672 2695 951 2762 Κλεινίαν,
976 2691 1073 2747 τὸν
1089 2690 1434 2763 Ἀλκιβιάδου
1454 2694 1682 2746 τουτουῒ
1695 2691 1970 2759 νεώτερον

297 2770 569 2844 ἄδελφόν,
617 2773 995 2844 ἐπιτροπεύων
1030 2773 1058 2831 ὁ
1102 2772 1265 2839 αὐτὸς
1299 2770 1461 2838 οὗτος
1497 2770 1638 2844 ἀνὴρ
1675 2778 1966 2845 Περικλῆς,
