2020 3094
263 84 365 137 142
862 89 1342 138 ΠΛΑΤῼΝΟΣ
1876 101 1930 142 54

206 234 237 276 C
262 218 400 276 άλλοὶ
413 222 502 276 καὶ
512 218 722 285 Ἱππιάς
743 218 772 275 ὁ
790 218 994 284 Ἠλεῖος
1009 240 1020 251 ·
1042 219 1191 290 οἶμαι
1212 220 1271 275 δὲ
1291 222 1380 276 καὶ
1391 223 1671 292 Πρόδικον
1692 222 1791 279 τὸν
1802 231 1935 280 Κεῖ-

139 2043 223 2087 315

178 2780 209 2821 13

262 324 328 356 ον
347 324 357 333 ·
378 302 470 357 καὶ
489 301 646 357 ἄλλοι
666 302 858 357 πολλοὶ
879 301 971 356 καὶ
991 309 1170 372 σοφοί.

401 390 489 441 VI.
562 383 753 448 Δόξαν
782 380 914 453 ἡμῖν
932 388 1105 437 ταῦτα
1136 382 1547 454 ἐπορευόμεθα·
1587 386 1770 458 ἐπειδὴ
1795 390 1854 443 δὲ
1872 391 1932 443 ἐτ’

259 472 334 540 τῷ
357 465 627 537 προθύρῳ
649 464 974 535 ἐγενόμεθα,
989 463 1304 528 ἐπιστάντες
1322 470 1608 533 περίτινος
1627 467 1797 538 λόγου
1820 473 1934 524 διε-

259 547 566 616 λεγόμεθα,
607 543 666 610 ὃς
688 544 821 616 ἡμῖν
850 545 986 600 κατά
1017 544 1118 614 τὴν
1151 542 1286 600 ὁδὸν
1316 548 1597 602 ἐνέπεσεν·
1634 548 1702 604 ἵν’
1725 544 1830 604 οὖν
1858 549 1929 620 μὴ

261 626 454 699 ἀτελὴς
492 630 734 698 γένοιτο,
790 626 928 682 ἀλλὰ
966 627 1424 697 διαπερανάμενοι
1464 628 1640 694 οὕτως
1675 632 1933 700 ἐσίοιμεν,

259 711 486 776 στάντες
506 714 564 765 ἐν
583 708 951 782 τῶπροθύρῳ
975 708 1335 778 διελεγόμεθα
1351 751 1365 779 ,
1403 711 1504 774 ἕως
1533 711 1930 782 συνωμολογή-

260 811 434 862 σαμεν
455 790 726 863 ἀλλήλοις.
768 795 921 845 δοκεῖ
936 782 1042 843 οὖν
1060 811 1169 859 μοι,
1192 786 1221 844 ὁ
1242 791 1523 862 θυρωρός,
1548 790 1815 862 εὐνοῦχός
1832 814 1930 862 τις,
1977 795 1980 798 ’

261 875 569 947 κατήκουεν
590 872 772 944 ἡμῶν,
811 872 1127 927 κινδυνεύει
1156 874 1214 927 δὲ
1237 871 1324 927 διὰ
1355 871 1416 928 τό
1449 879 1664 945 πλῆθος
1691 881 1803 928 τῶν
1834 890 1932 928 σο-

259 965 473 1027 φιστῶν
501 954 780 1053 ἄχθεσθαι
807 966 919 1018 τοῖς
951 960 1218 1024 φοιτῶσιν
1247 960 1322 1019 εἰς
1352 953 1454 1025 τὴν
1491 960 1694 1010 οἰκίαν·
1744 952 1929 1025 ἐπειδὴ

257 1045 398 1107 γοῦν
420 1039 763 1107 ἐκρούσαμεν
780 1034 882 1107 τὴν
900 1036 1116 1105 θύραν,
1139 1034 1358 1101 άνοίξας
1377 1037 1467 1091 καὶ
1489 1034 1671 1091 ι’δων“
1644 1042 1804 1107 ημᾶς,
1810 1035 1929 1104 Ἴδα,

258 1124 391 1190 ἔφη,
429 1123 691 1191 σοφισταί
717 1139 885 1182 τινες·
935 1115 1003 1171 οὐ
1034 1115 1198 1187 σχολὴ
1232 1115 1410 1191 αὐτῷ·
1455 1119 1546 1172 και
1577 1116 1689 1188 άμα
1718 1116 1929 1188 άμφοῖν

256 1212 374 1255 τοῖν
392 1213 578 1271 χεροῖν
590 1199 689 1271 τὴν
709 1200 901 1271 θύραν
921 1199 1075 1254 πάνυ
1096 1198 1401 1270 προθύμως
1424 1197 1494 1263 ὡς
1514 1194 1626 1263 οἶός
1647 1199 1687 1254 τ’
1703 1202 1775 1269 ἠν
1795 1200 1926 1269 ἐπή-

259 1288 401 1352 ραξε.
455 1285 545 1339 καὶ
574 1282 726 1354 ἡμεῖς
755 1283 920 1338 πάλιν
948 1282 1279 1353 ἐκρούομεν,
1323 1283 1414 1337 καὶ
1442 1279 1500 1346 ὃς
1520 1283 1929 1381 ε’γκεκλειμένης

255 1371 351 1435 τῆς
369 1365 554 1436 θύρας
572 1364 1012 1436 ἀποκρινόμενος
1035 1363 1212 1433 εἶπεν,
1236 1358 1299 1419 Ὠ
1322 1365 1643 1435 ἄνθρωποι,
1666 1369 1771 1435 ἔφη
1788 1407 1801 1432 ,
1824 1361 1926 1418 οὐκ

256 1444 555 1517 ἀκηκόατε,
588 1446 673 1503 ότι
703 1445 772 1502 ού
793 1445 957 1517 σχολὴ
981 1445 1158 1519 αὐτῶ;
1191 1444 1322 1501 Ἀλλ’
1351 1448 1392 1500 ὠ
1411 1445 1596 1516 ’γαθέ,
1633 1450 1774 1517 ἔφην
1803 1446 1928 1515 ἐγώ,

257 1527 384 1583 οὔτε
415 1528 559 1600 παρὰ
590 1535 840 1584 Καλλίαν
867 1528 1078 1600 ἥκομεν
1106 1529 1233 1585 οὔτε
1262 1535 1525 1599 σοφισταί
1556 1532 1747 1600 ἐσμεν·
1787 1526 1926 1582 ἀλλὰ

255 1612 479 1682 θάρρει·
533 1614 915 1684 Πρωταγόραν
946 1614 1052 1683 γάρ
1082 1635 1165 1667 τοι
1196 1613 1449 1683 δεόμενοι
1481 1616 1619 1668 ἰδεῖν
1646 1610 1926 1683 ἤλθομεν·

255 1696 601 1766 εἰσάγγειλον
622 1691 740 1751 οὖν.
788 1697 946 1766 μόγις
968 1700 1072 1752 οὐν
1101 1718 1232 1752 ποτε
1249 1695 1381 1768 ἡμῖν
1401 1696 1704 1766 ἅνθρωπος
1724 1694 1926 1768 ἀνέῳξε

253 1777 355 1849 τὴν
374 1778 587 1847 θύραν
623 1779 806 1848 ἐπειδὴ
830 1779 888 1834 δε
908 1781 1272 1850 εἰσήλθομεν,
1293 1780 1669 1851 κατελάβομεν
1687 1784 1929 1848 Πρωτα-

252 1860 430 1931 γόραν
451 1863 510 1916 ἐν
530 1866 604 1933 τῷ
627 1861 893 1933 προστῶῳ
915 1868 1353 1930 περιπατοῦντα,
1386 1863 1504 1930 ἑξῆς
1529 1861 1583 1915 δ’
1610 1858 1762 1931 αὐτῷ
1782 1877 1927 1927 συμ-

254 1941 622 2010 περιεπάτουν
642 1945 700 1997 ἐκ
721 1944 822 2011 μὲν
840 1948 941 1996 τοῦ
959 1943 1043 1997 ἐπὶ
1064 1943 1276 2011 θάτερα
1295 1948 1538 2007 Καλλίας
1558 1940 1586 1997 ὁ
1606 1940 1930 1997 Ἰππονίκου

254 2027 342 2080 καὶ
364 2022 392 2080 ὁ
415 2023 657 2094 ἀδελφὸς
678 2022 854 2078 αὐτοῦ
883 2022 911 2079 ὁ
936 2022 1295 2095 ὁμομήτριος,
1323 2025 1585 2093 Πάραλος
1615 2021 1644 2078 ὁ
1664 2026 1930 2092 Περικλέ-

256 2129 380 2173 ους,
411 2108 502 2162 καὶ
521 2110 803 2177 Χαρμίδης
823 2104 850 2161 ὁ
875 2107 1233 2175 Γλαύκωνος,
1265 2108 1322 2160 ἐκ
1345 2105 1402 2159 δὲ
1433 2112 1534 2160 τοῦ
1553 2106 1639 2159 ἐπὶ
1663 2104 1874 2173 θάτερα
1895 2101 1924 2158 ὁ

254 2193 437 2261 ἕτερος
468 2196 582 2244 τῶν
601 2191 936 2258 Περικλέους
955 2189 1283 2254 ,Ξάνθιππος
1314 2190 1404 2244 καὶ
1427 2191 1756 2258 Φιλιππίδης
1775 2184 1803 2241 ὁ
1826 2192 1928 2241 Φι-

254 2271 501 2343 λομήλου
541 2273 631 2326 καὶ
664 2270 999 2341 Ἀντίμοιρος
1038 2269 1066 2326 ὁ
1099 2277 1408 2341 ΛῙενόαῖος,
1446 2270 1618 2340 ὅσπερ
1655 2269 1930 2339 εὐδοκιμεῖ

253 2355 488 2424 μάλιστα
519 2361 630 2408 τῶν
660 2354 1040 2422 Πρωταγόρου
1071 2360 1339 2424 μαθητῶν
1370 2355 1459 2408 καὶ
1483 2355 1566 2409 ἐπὶ
1598 2354 1757 2423 τέχνῃ
1785 2373 1926 2420 μαν-

256 2436 440 2506 θάνει,
465 2434 536 2499 ῶς
556 2435 819 2506 σοφιστὴς
837 2435 1114 2506 ἐσόμενοςς
1148 2435 1364 2490 τούτων
1384 2436 1442 2490 δὲ
1464 2440 1519 2489 οἳ
1536 2432 1774 2489 ὄπισθεν
1792 2430 1926 2502 ἥκο-

253 2517 510 2573 λούθουν
531 2519 899 2582 ἐπακούοντες
920 2524 1031 2572 τῶν
1052 2520 1366 2588 λεγομένων
1380 2560 1394 2586 ,
1417 2516 1477 2571 τὸ
1498 2516 1598 2585 μὲν
1618 2512 1759 2569 πολὺ
1782 2518 1926 2578 ξένοι

253 2601 568 2669 ἐφαίνοντο,
591 2597 689 2665 οὓς
709 2598 829 2670 ἄγει
850 2603 904 2666 ἐξ
924 2599 1172 2655 ἑκάστων
1190 2605 1304 2654 τῶν
1324 2598 1540 2653 πόλεων
1570 2593 1598 2651 ὁ
1617 2595 1922 2665 Πρωταγό-

254 2702 376 2750 ρας,
412 2678 474 2736 δι’
500 2673 579 2736 ῶν
603 2685 949 2752 διεξέρχεται,
980 2688 1167 2752 κηλῶν
1186 2688 1252 2753 τῇ
1271 2685 1432 2753 φωνῇ
1453 2677 1637 2745 ῶσπερ
1670 2675 1919 2748 Ὀρφεύς,

252 2764 309 2817 οἱ
325 2761 383 2817 δὲ
402 2760 538 2817 κατὰ
559 2761 660 2834 τὴν
691 2761 893 2833 φωνὴν
922 2764 1146 2818 ἕπονται
1170 2763 1553 2833 κεκηλημένοι·
1595 2755 1738 2831 ἦσαν
1763 2762 1824 2815 δέ
1839 2783 1919 2813 τι·-
