1962 3112
110 157 172 204 31
502 114 508 119 ’
590 150 904 201 ιΠΠῙΑΣ
947 150 1312 200 ΜΕΙΖΩΝ.
1694 149 1800 202 393

116 291 311 342 τοίνυν
344 287 396 341 εἰ
425 296 628 356 χρυσοῖ
659 280 696 356 ἦ
724 282 969 356 ἀργυροῖ
995 279 1035 355 ἦ
1072 285 1450 358 ἐλεφάντινοι,
1491 290 1544 342 εἰ
1569 287 1629 342 δὲ
1657 286 1801 359 βού-

115 373 224 438 λει,
261 377 510 437 γενναῖοι
541 361 579 438 ἦ
617 367 785 439 σοφοὶ
820 363 858 438 ἦ
898 372 1067 438 τίμιοι
1099 363 1139 440 ἦ
1175 369 1430 441 γέροντές
1458 389 1522 439 γε
1550 363 1588 440 ἦ
1618 370 1734 424 νέοι
1762 365 1799 441 ἦ

114 447 251 504 ἄλλο
281 446 316 502 ὅ
341 470 392 503 τι
418 448 614 521 βούλει
649 455 763 505 τῶν
791 450 855 505 ἐν
894 445 1221 519 ἀνθρώποις
1262 449 1571 523 ἀμφότεροι
1608 449 1799 522 τύχοι-

113 553 218 602 μεν
253 529 438 602 ὄντες,
489 524 572 602 ἀρ’
606 530 675 587 ού
710 529 919 602 μεγάλη
957 529 1172 603 ἀνάγκη
1209 534 1302 588 καὶ
1339 531 1603 602 ἑκάτερον
1637 530 1799 605 ἡμῶν

113 621 246 669 τοῦτ
245 612 445 679 ’ςεῖναι

255 703 381 753 Σῼ.
419 697 659 763 Πάντως
676 719 740 769 γε
761 698 959 769 δήπου
1830 716 1866 758 Β

254 785 356 836 ΙΠ.
389 779 548 837 Ἀλλᾶ
570 779 679 852 γὰρ
700 780 766 853 δὴ
787 782 888 851 σύ,
930 803 973 837 ω
993 780 1318 851 Σώκρατες,
1356 779 1423 835 τά
1443 783 1545 853 μὲν
1564 779 1667 837 ολα
1685 787 1801 836 τῶν

114 862 456 935 πραγμάτων
474 860 544 919 οὐ
563 876 811 935 σκοπεῖς,
852 825 979 920 όύδ’
999 867 1226 933 ἐκεῖνοι,
1258 860 1339 930 οἷς
1355 862 1428 919 σὺ
1448 872 1656 929 εἰωθας
1676 866 1800 919 δια-

116 947 408 1017 λέγεσθαι,
429 946 660 1015 κρούετε
682 946 741 1003 δὲ
760 945 1256 1019 ἀπολαμβάνοντες
1268 945 1331 1003 τὸ
1362 944 1540 1003 καλὸν
1558 947 1701 1004 καὶ“
1669 968 1801 1002 εκα-

115 1047 250 1085 στον
267 1036 382 1086 τῶν
397 1029 583 1086 ὄντων
601 1033 663 1087 ἐν
682 1042 797 1096 τοῖς
815 1030 1003 1100 λόγοις
1020 1033 1465 1101 κατατέμνοντες.
1514 1027 1604 1085 διὰ
1625 1035 1800 1085 ταῦτα

0 1085 6 1176 λ
115 1110 264 1168 οὕτω
282 1112 495 1183 μεγάλα
513 1110 660 1184 ὑμᾶς
677 1114 950 1170 λανθάνει
966 1115 1059 1169 καὶ
1080 1115 1307 1184 διανεκῆ
1334 1112 1562 1185 σώματα
1582 1119 1678 1184 τῆς
1696 1108 1802 1167 οὐ-

114 1199 235 1260 σίας
254 1195 560 1267 πεφυκότα.
618 1198 710 1252 καὶ
729 1203 841 1252 νῦν
856 1196 1129 1252 τοσοῦτόν
1146 1213 1208 1252 σε
1227 1198 1495 1268 λέληθεν,
1535 1193 1675 1252 ὥστε
1696 1203 1799 1251 οἴει

116 1276 263 1334 εἷναί
287 1301 339 1334 τι
366 1275 405 1349 ἦ
435 1277 620 1345 πάθος
646 1277 683 1350 ἦ
713 1276 942 1350 οὐσίαν,
980 1277 1016 1350 ἢ
1047 1280 1173 1348 περὶ
1191 1278 1295 1350 μὲν
1315 1277 1606 1351 ἀμφότερα
1625 1284 1799 1334 ταῦτα

115 1365 267 1416 ἔστιν
285 1359 426 1432 ἅμα,
465 1362 589 1432 περὶ
609 1361 668 1418 δὲ
688 1362 959 1431 ἑκάτερον
977 1361 1066 1431 οὔ,
1095 1357 1133 1433 ἦ
1154 1356 1227 1416 αὖ
1251 1363 1375 1432 περὶ
1393 1361 1496 1432 μὲν
1516 1360 1798 1430 ἑκάτερον,
1832 1375 1866 1419 0

114 1443 238 1515 περὶ
258 1442 316 1498 δὲ
335 1441 625 1515 ἀμφότερα
647 1443 717 1500 οὔ
730 1466 741 1477 ·
781 1443 960 1510 οὕτως
975 1441 1277 1514 ἀλογίστως
1295 1445 1389 1500 καὶ
1406 1442 1690 1509 ἀσκέπτως
1709 1444 1802 1500 καὶ

117 1523 340 1597 εὐήθως
358 1528 448 1582 καὶ
467 1525 814 1600 ἀδιανοήτως
833 1527 1134 1584 διάκεισθε.

256 1615 436 1667 XXVI.
511 1615 636 1666 ΣΩ.
700 1616 971 1681 Τοιαῦτα,
994 1605 1038 1666 ὦ
1052 1608 1258 1682 Ἱππία,
1289 1609 1353 1665 τὰ
1375 1609 1613 1682 ἡμέτερά
1632 1611 1799 1681 ἐστιν,

118 1690 220 1763 οὐχ
240 1688 328 1748 οἷα
347 1692 615 1764 βούλεταί
634 1715 742 1764 τις,
783 1694 955 1764 φασὶν
986 1692 1283 1765 ἄνθρωποι
1312 1693 1572 1750 ἑκάστοτε
1597 1711 1799 1764 παροι-

118 1774 463 1848 μιαζόμενοι,
500 1773 616 1832 ἀλλ’
639 1773 727 1832 οἷα
757 1776 1016 1832 δύναται·
1057 1774 1198 1832 ἀλλά
1234 1774 1305 1832 σύ
1327 1773 1474 1848 ἡμᾶς
1506 1773 1697 1847 ὀνίνης
1714 1773 1800 1832 ἀεὶ

117 1864 422 1914 νουθετων.
478 1859 596 1915 ἐπεὶ
615 1860 707 1915 καὶ
725 1863 864 1927 νῦν,
904 1856 1086 1929 πρὶν’
1056 1858 1165 1915 υπὸ
1189 1865 1295 1915 σοῦ
1324 1865 1499 1915 ταῦτα
1520 1866 1799 1931 νουθετη-

20 1958 99 2017 ,a
115 1948 316 2013 θῆναι,
337 1938 412 2007 ὥς
430 1939 653 2013 εὐήθως
671 1945 1005 2014 διεκείμεθα,
1024 1946 1103 1998 ἔτι
1122 1961 1211 1998 σοι
1229 1949 1446 2014 μᾶλλον
1467 1941 1574 2013 ἐγω
1593 1945 1800 1999 ἐπιδεί-

31 2069 41 2078 ,
117 2026 191 2090 ξω
211 2022 412 2091 εἰπών,
433 2046 468 2079 α
489 2024 864 2095 διενοούμεθα
884 2026 1009 2095 περὶ
1029 2022 1243 2095 αὐτῶν,
1264 2021 1301 2096 ἦ
1322 2026 1395 2097 μὴ
1419 2032 1584 2091 εἴπω;

257 2111 358 2162 ΙΠ.
396 2106 587 2162 Είδότι
603 2107 706 2178 μὲν
722 2110 877 2179 ἐρεῖς,
893 2100 1257 2177 ωΣοόκρατες·
1273 2106 1397 2164 οἶδα
1413 2105 1521 2178 γάρ
1535 2106 1801 2174 ἑκάστους
1830 2126 1868 2168 1)

0 2223 1 2228 =
116 2194 232 2244 ταῖν
258 2190 383 2258 περὶ
412 2189 543 2254 τούς
572 2190 803 2262 λόγους,
842 2188 917 2256 ὥς
946 2190 1271 2246 διάκεινται·
1313 2187 1463 2261 ὅμως
1485 2187 1540 2245 δ’
1563 2197 1618 2246 εἴ
1638 2212 1692 2246 τι
1714 2192 1802 2247 σοὶ

0 2180 19 2422 ax
116 2268 306 2342 ἥδιον,
327 2275 464 2343 λέγε.

0 2383 19 2430 j
258 2359 381 2410 ΣΩ.
435 2353 597 2411 Ἀλλὰ
626 2354 740 2428 μὴν
778 2354 940 2427 ἥδιόν
968 2377 1045 2425 γε.
1098 2353 1253 2427 ἡμεῖς
1284 2356 1420 2427 γάρ,
1461 2349 1507 2412 ὦ
1533 2358 1799 2427 βέλτιστε,

3 2434 21 2480 =3
117 2434 296 2502 οὕτως
315 2434 602 2509 ἀβέλτεροι
620 2431 789 2509 ἦμεν,
810 2442 945 2507 πρίν
963 2455 1024 2494 σε
1044 2437 1195 2494 ταῦτ’
1218 2444 1392 2495 εἰπεῖν
1414 2481 1429 2509 ,
1468 2437 1610 2494 ὥστε
1631 2438 1802 2504 δόξαν

1 2540 14 2589 3
117 2526 336 2590 εἰχομεν
353 2521 477 2589 περὶ
497 2522 635 2592 ἐμοῦ
653 2543 711 2577 τε
730 2522 821 2578 καὶ
839 2527 972 2591 σοῦ,
1007 2518 1079 2586 ὡς
1109 2522 1369 2591 ἑκάτερος
1388 2519 1549 2594 ἡμῶν
1569 2518 1645 2586 εἷς
1663 2523 1795 2591 ἐστί,

0 2603 17 2677 ζ
117 2607 283 2658 τοῦτο
305 2603 392 2673 δέ,
423 2598 455 2657 ὃ
475 2603 732 2673 ἑκάτερος
750 2601 911 2675 ἡμῶν
931 2611 1042 2675 εἴη,
1084 2602 1189 2660 οὐκ
1209 2602 1318 2676 ἄρα
1342 2613 1534 2677 εἴημεν
1550 2602 1799 2676 α’μφότε-

0 2684 19 2759 ἢ
120 2702 232 2753 poa·
270 2681 341 2741 οῦ
358 2684 466 2756 γὰρ
487 2682 563 2751 εἷς
582 2689 771 2757 ἐσμέν,
804 2684 943 2744 ἀλλὰ
968 2688 1088 2743 δύο.
1145 2686 1323 2755 οὕτως
1353 2686 1635 2759 εὐηθικῶς
1656 2694 1799 2758 εἰχο-

0 2773 19 2800 ’4
116 2786 245 2838 μεν·
281 2773 391 2823 νῦν
420 2769 479 2824 δὲ
510 2768 658 2839 παρὰ
691 2775 796 2825 σοῦ
826 2767 933 2842 ἤδη
974 2767 1451 2843 ἀνεδιδάχθημεν,
1490 2769 1574 2827 ὅτι
1613 2775 1663 2826 εἰ
1694 2769 1797 2839 μὲν
1832 2787 1864 2828 Ε

5 2796 40 3112 Ἰ
117 2845 224 2905 δύο
256 2846 570 2922 ἀμφότεροί
594 2854 788 2925 ἐσμεν,
828 2852 930 2908 δύο
961 2855 1053 2910 καὶ
1083 2853 1347 2924 ἑκάτερον
1383 2851 1543 2926 ἡμῶν
1583 2851 1801 2923 ἀνάγκη
