1962 3112
1519 0 1534 10 ⁷·
1576 0 1588 4 ·
1603 3 1657 21 :ww
1677 0 1717 32 ’.ὁ
1735 0 1962 81 μϊςεὶκἾ

152 134 252 184 160
375 169 383 171 μ
749 135 1222 184 ΠΛΑΤΩΝΟΣ
1767 146 1822 191 72

150 269 215 323 τοὶ
236 274 336 323 τοῦ
355 274 565 339 χρυσοῦ
585 267 750 339 μόρια
770 263 935 322 οὐδέν
952 270 1198 338 διαφέρει
1216 265 1282 323 τὰ
1299 269 1456 341 ἕτερα
1470 279 1583 327 τῶν
1603 271 1820 343 ἑτέρων,

153 348 405 421 ἀλλήλων
435 351 525 405 καὶ
553 355 653 403 τοῦ
683 346 847 418 ὅλου,
886 345 1006 404 αλλ’
1040 344 1078 419 ἦ
1109 353 1331 419 μεγέθει
1358 354 1448 408 καὶ
1475 353 1818 424 σμικρότητι;

149 429 396 497 Ἐκείνως
448 453 541 502 μοι
588 436 867 500 φαίνεται,
920 424 964 484 ὦ
1000 430 1324 503 Σώκρατες,
1382 432 1564 505 ω’σπερ
1610 434 1675 490 τὰ
1719 442 1820 491 τοῦ

91 534 125 574 Ε
153 514 455 582 προσώπου
485 512 651 583 μόρια
670 516 775 582 ἔχει
794 512 932 580 πρὸς
950 509 1010 566 τὸ
1034 510 1168 566 ὅλον
1195 511 1511 584 πρόσωπον.
1569 515 1820 586 Πότερον

153 589 280 662 οὖν,
318 587 389 664 ἦν
410 591 460 648 δ’
486 594 592 663 ἐγώ
606 636 619 662 ,
658 594 748 649 καὶ
767 591 1284 664 μεταλαμβάνουσιν
1305 597 1361 649 οἶ
1375 593 1668 666 ἄνθρωποι
1686 596 1822 652 τού-

148 699 259 732 των
280 683 393 731 τῶν
430 680 526 745 τῆς
554 672 749 746 ἀρετῆς
776 680 984 745 μορίων
1005 678 1062 730 οι
1086 698 1186 746 μεν
1216 673 1376 748 ἄλλο,
1416 680 1473 731 οἱ
1499 678 1557 734 δὲ
1588 677 1747 749 ἄλλο,
1787 675 1820 750 ἢ

151 780 394 829 αναγκη,
433 755 632 825 έανπερ
664 779 744 821 τις
774 758 834 811 ἓν
866 755 1037 827 λαβῃ,
1079 753 1279 809 ἅπαντ’
1318 760 1486 827 ἔχεως
1529 755 1817 830 Ουδαμῶς,

152 845 274 911 ἔφη,
296 840 410 894 ἐπεὶ
429 839 620 893 πολλοὶ
642 835 891 909 ἀνδρεῖοί
907 842 1062 907 εἰσιν,
1088 835 1269 891 α’δικοι
1290 841 1374 906 δέ,
1396 841 1485 894 καὶ
1509 844 1707 896 δίκαιοι
1727 844 1816 911 αὐ,

153 923 317 993 σοφοὶ
337 920 394 976 δε
415 919 497 975 οὔ
560 919 710 974 Ἔστι
738 917 844 989 γὰρ
875 921 981 973 οὐν
1007 919 1096 972 καὶ
1116 925 1286 973 ταῦτα
1305 920 1472 989 μόρια
1492 927 1587 992 τῆς
1606 920 1816 993 αρετῆς,

37 1018 121 1063 330
151 1010 289 1075 ἔφην
309 1004 433 1075 ἐγώ,
456 1007 623 1073 σοφία
640 1023 696 1056 τε
718 1003 804 1057 καὶ
826 998 1078 1072 ἁνδρεία;
1112 1001 1349 1056 Πάντων
1363 1002 1596 1072 μάλιστα
1617 1004 1814 1074 δήπου,

153 1093 286 1158 ἔφη·
318 1088 407 1141 καὶ
437 1082 693 1155 μέγιστόν
721 1105 783 1153 γε
817 1080 845 1153 ἡ
870 1086 1038 1151 σοφία
1057 1089 1170 1137 τῶν
1188 1088 1410 1153 μορίων.
1471 1082 1740 1140 ’Ἑκαστον
1760 1084 1817 1140 δὲ

151 1168 336 1225 αὐτῶν
357 1171 528 1236 ἐστίν,
550 1160 622 1237 ἦν
643 1164 697 1220 δ’
719 1166 855 1236 ἐγώ,
887 1163 1019 1220 ἄλλο
1034 1207 1048 1234 ,
1088 1163 1148 1220 τὸ
1171 1165 1229 1221 δὲ
1249 1164 1383 1220 ἄλλο
1397 1189 1411 1231 ;
1449 1171 1574 1221 Ναί.
1645 1160 1710 1222 Ἦ
1727 1167 1839 1222 καὶ-

152 1252 390 1321 δύναμιν
414 1247 598 1304 αὐτῶν
618 1249 851 1302 ἕκαστον
871 1250 1017 1302 ἰδίαν
1037 1251 1162 1317 ἔχει,
1185 1245 1369 1316 ὥσπερ
1389 1245 1455 1301 τὰ
1476 1252 1576 1302 τοῦ
1597 1248 1818 1317 προσιό-

150 1354 283 1398 που;
324 1330 426 1386 οὐκ
458 1336 605 1387 ἔστιν
636 1326 933 1400 ὀφθαλμὸς
961 1323 1081 1384 οἷον
1099 1329 1165 1384 τὰ
1187 1322 1324 1399 ὦτα,
1367 1327 1491 1384 οὐδ’
1522 1326 1556 1400 ἡ
1587 1329 1819 1401 δύναμις

151 1413 326 1470 αὐτοῦ
357 1410 386 1484 ἡ
420 1410 585 1483 αὐτή·
625 1410 755 1467 οὐδὲ
783 1418 897 1466 τῶν
928 1409 1111 1467 ἄλλων
1131 1409 1294 1467 οὐδέν
1314 1415 1462 1467 ἐστιν
1481 1407 1601 1467 οἷον
1621 1410 1680 1467 τὸ
1703 1413 1819 1467 ἕτε-

150 1518 252 1566 ρον
280 1493 409 1550 οὔτε
438 1492 574 1550 κατὰ
604 1491 708 1563 τὴν
736 1493 976 1563 δύναμιν
1005 1491 1132 1548 οὔτε
1151 1493 1287 1548 κατα
1308 1493 1372 1548 τὰ
1393 1492 1532 1548 ἄλλα
1549 1514 1559 1524 ·
1600 1487 1692 1562 ἆρ’
1714 1488 1818 1549 οὖν

149 1577 296 1632 οὕτω
322 1578 411 1632 καὶ
439 1574 504 1630 τὰ
536 1581 629 1646 τῆς
654 1572 848 1646 ἀρετῆς
867 1575 1033 1645 μόρια
1064 1572 1166 1630 οὐκ
1196 1579 1308 1630 ἔστι
1326 1574 1387 1631 τὸ
1409 1577 1598 1647 ἕτερον
1617 1571 1737 1631 οἷον
1755 1575 1814 1630 τὸ

85 1676 117 1716 Β
150 1665 365 1733 ἕτερον,
405 1656 534 1715 οὕτε
566 1655 700 1713 αὐτὸ
733 1657 860 1714 οὔτε
882 1656 911 1729 ἡ
937 1659 1169 1730 δύναμις
1188 1657 1362 1715 αὐτοῦ
1378 1683 1390 1725 ;
1427 1655 1463 1730 ἦ
1484 1663 1622 1731 δῆλα
1643 1659 1708 1730 δὴ
1730 1658 1814 1714 ὅτι

150 1743 327 1807 οὕτως
357 1747 488 1813 ἔχει,
531 1749 682 1811 εἴπερ
705 1747 780 1814 τῷ
814 1746 1214 1813 παραδείγματί
1236 1765 1298 1813 γε
1318 1747 1523 1810 ἔοικεν,
1550 1739 1696 1798 Ἀλλ’
1717 1740 1818 1797 οὕ-

147 1847 274 1896 τως,
298 1831 429 1896 ἔφη,
472 1830 603 1894 ἔχει,
637 1818 679 1879 ὦ
700 1823 1011 1893 Σώκρατες.
1051 1827 1140 1880 καὶ
1162 1826 1266 1894 ἐγώ
1287 1823 1466 1880 εἷπον·
1510 1822 1691 1880 Οὐδὲν
1710 1823 1818 1893 ἄρα
1854 1817 1857 1819 ’

148 1909 258 1963 ἐστὶ
275 1914 387 1962 τῶν
404 1914 499 1978 τῆς
517 1905 712 1977 ἀρετῆς
732 1911 941 1976 μορίων
959 1905 1092 1963 ἄλλο
1111 1903 1231 1962 οἷον
1251 1906 1532 1977 ἐπιστήμη,
1554 1903 1672 1961 οὐδ’
1698 1902 1817 1961 οἷον

150 1988 499 2058 δικαιοσύνη,
539 1986 662 2042 οὐδ’
697 1984 816 2043 οἷον
846 1985 1099 2059 ἀνδρεία,
1134 1986 1265 2048 ,οὐδ’
1304 1987 1424 2045 οἷον
1459 1988 1815 2059 σωφροσύνη,

150 2069 274 2127 οὐδ’
295 2068 416 2127 οἷον
435 2070 667 2141 ὁσιότης.
747 2069 867 2126 Οὐκ
888 2075 1008 2142 ἔφη.
1084 2076 1225 2142 Φέρε
1245 2070 1329 2142 δή,
1350 2075 1491 2142 ἒφην
1510 2070 1634 2140 ἐγώ,
1657 2075 1816 2140 κοινῇ

148 2154 481 2224 σκεψώμεθα
519 2154 681 2209 ποῖόν
707 2176 757 2208 τι
787 2153 972 2209 αὐτῶν
1002 2156 1150 2211 ἐστὶν
1178 2155 1423 2210 ἕκαστον.
1467 2158 1688 2223 πρῶτον
1717 2152 1818 2223 μὲν

85 2253 116 2295 c
145 2236 204 2292 τὸ
227 2236 468 2293 τοιόνδε·
503 2235 537 2309 ἡ
560 2237 884 2310 δικαιοσύνη
916 2239 1142 2310 πρᾶγμά
1169 2244 1225 2295 τί
1237 2241 1384 2295 ε’στιν
1402 2261 1436 2309 η
1415 2235 1622 2294 ”ούδὲν
1638 2242 1818 2308 πρᾶγ-

148 2343 245 2390 μας
287 2321 404 2390 ἐμοὶ
435 2342 536 2390 μεν
564 2318 670 2391 γὰρ
706 2324 878 2376 δοκεῖ·
915 2326 971 2376 τί
995 2320 1052 2376 δε
1080 2325 1193 2387 σοί;
1230 2322 1339 2376 Καὶ
1369 2321 1510 2392 ἐμοί,
1554 2323 1672 2390 ἔφη.
1754 2324 1820 2373 Τί

148 2402 278 2467 οὐν;
317 2408 370 2456 εἴ
398 2423 478 2465 τις
516 2405 692 2471 ἔροιτο
730 2404 823 2473 ἐμέ
857 2424 914 2458 τε
952 2405 1042 2459 καὶ
1075 2404 1160 2458 σέ·
1200 2425 1242 2457 ω
1271 2401 1613 2474 Πρωταγόρα
1639 2422 1696 2455 τε
1725 2401 1817 2455 καὶ

147 2481 468 2553 Σώκρατες,
513 2490 728 2538 εἴπετον
749 2485 816 2556 δή
834 2507 953 2556 μοι,
991 2491 1154 2540 τοῦτο
1175 2482 1235 2540 τὸ
1258 2492 1506 2556 πρᾶγμα,
1545 2481 1578 2539 ὂ
1597 2481 1818 2553 ωνομοὶ-

149 2582 276 2620 σατε
297 2563 446 2635 ἄρτι,
467 2562 500 2636 ἡ
524 2566 875 2638 δικαιοσύνη,
899 2565 1033 2623 αὐτὸ
1055 2573 1220 2623 τοῦτο
1240 2567 1456 2623 δίκαιόν
1473 2569 1620 2622 ἐστιν
1638 2562 1672 2636 ἢ
1695 2564 1817 2619 ἄδι-

146 2668 277 2712 κον,
316 2644 420 2715 ἐγώ
451 2646 551 2716 μὲν
577 2643 647 2702 ἂν
678 2647 829 2720 αὐτῷ
858 2647 1262 2721 ἀποκριναίμην
1281 2647 1365 2705 ὅτι
1385 2651 1621 2704 δίκαιον·
1666 2646 1736 2702 σύ
1757 2648 1818 2702 δὲ

151 2725 249 2782 τίν’
284 2723 357 2784 ἄν
386 2733 579 2798 ψῆφον
597 2736 746 2796 θεῐο;
787 2729 889 2800 τὴν
919 2729 1095 2803 αὐτὴν
1123 2733 1240 2802 ἐμοὶ
1267 2726 1305 2802 ἦ
1333 2730 1534 2800 ἄλλην;
1578 2728 1692 2800 Τὴν
1712 2726 1819 2783 αύ-

148 2807 264 2880 τήν,
288 2812 407 2880 ἔφη.
460 2807 645 2863 Ἔστιν
668 2809 773 2879 ἄρα
793 2819 1047 2869 τοιοῦτον
1065 2811 1097 2885 ἡ
1119 2812 1442 2886 δικαιοσύνη
1463 2807 1582 2868 οἷον
1602 2814 1817 2866 δίκαιον
