1962 3112
0 0 779 36 WWWW⁹
795 0 886 26 ‘'⁸5⁷⁸'-
903 0 926 4 “
946 0 989 34 1³²·
1003 0 1029 20 W
1055 0 1086 10 ‘⁸
1118 0 1131 28 ·'
1191 3 1195 14 ’

123 120 205 165 123
783 112 848 159 M
859 111 969 160 EN
978 109 1032 158 Ω.
1046 111 1112 159 Ν.
1686 107 1790 162 321

258 252 383 303 ΣΩ.
423 243 520 311 Ὡς
534 247 659 316 περὶ
671 243 845 301 ἄλλου
863 241 1116 301 ὁτουοῦν.
1139 239 1276 314 οἷον,
1297 248 1348 301 εἰ
1360 243 1571 316 βούλει,
1592 260 1794 316 στρογ-

115 328 415 400 γυλότητος
436 329 560 397 πέρι
579 325 783 398 εἴποιμ’
804 322 877 382 ἄν
894 331 1065 397 ἔγωγε
1078 368 1092 395 ,
1114 325 1199 382 ὅτι
1216 323 1395 398 σχῆμά
1413 331 1471 382 τί
1494 328 1670 396 ἐστιν,
1692 323 1794 398 οὐχ

118 409 295 475 οὕτως
322 407 510 475 ἁπλοῖς
539 409 623 466 ὅτι
650 416 842 481 σχῆμα.
883 409 972 464 διὰ
1003 415 1176 464 ταῦτα
1206 411 1265 465 δὲ
1283 406 1461 473 οὕτως
1478 404 1550 464 ἂν
1570 416 1792 479 εἴποιμι,

117 490 202 548 ὅτι
220 493 310 546 καὶ
329 490 469 546 ἄλλα
496 496 611 547 ἔστι
631 491 891 562 σχήματα.

259 579 444 631 ΜΕΝ.
497 571 712 643 Ὀρθῶς
736 593 801 643 γε
829 574 1007 642 λέγων
1036 572 1136 641 σύ,
1172 573 1286 627 ἐπεὶ
1315 573 1405 627 καὶ
1437 570 1544 641 ἐγώ
1561 574 1704 643 λέγω
1723 569 1793 627 οὐ

116 655 292 725 μόνον
314 653 676 725 δικαιοσύνην
695 651 833 708 ἄλλα
856 656 947 708 καὶ
966 652 1137 719 ἄλλας
1155 652 1296 709 εἶναι
1314 651 1525 725 ἀρετάς.

260 742 384 792 ΣΩ.
451 742 616 801 Τίνας
644 734 869 802 ταύτας;
910 738 1050 791 εἰπέ·
1093 731 1213 791 οἷον
1242 737 1332 791 καὶ
1351 736 1458 806 ἐγώ
1480 737 1566 792 σοὶ
1585 743 1791 808 εἴποιμι
1819 744 1878 793 74

116 814 191 873 ἄν
208 820 299 874 καὶ
320 818 461 874 ἄλλα
482 818 746 890 σχήματα,
767 826 819 873 εἴ
831 839 899 889 με
918 816 1163 882 κελεύοις
1178 838 1189 848 ·
1209 818 1299 873 καὶ
1318 814 1389 871 σύ
1412 811 1516 873 οὖν
1537 819 1655 888 ἐμοὶ
1675 819 1791 873 εἰπὲ

116 898 284 970 ἄλλας
301 898 512 969 ἀρετάς.

259 986 448 1037 ΜΕΝ.
491 979 561 1036 Ἡ
585 979 812 1050 α’νδρεία
838 985 1032 1036 τοίνυν
1063 984 1246 1051 ἔμοιγε
1275 984 1430 1037 δοκεῖ
1454 979 1618 1052 ἀρετὴ
1652 979 1793 1037 εἶναι

5 1097 10 1101 -
117 1065 210 1118 καὶ
244 1062 583 1134 σωφροσύνη
614 1064 705 1119 καὶ
736 1068 905 1133 σοφία
933 1064 1024 1119 καὶ
1052 1066 1491 1134 μεγαλοπρέπεια
1518 1064 1610 1119 καὶ
1630 1063 1793 1119 ἄλλαι

15 2479 20 2501 ·-
0 1486 39 2435 ἰηςοΐΜψη--Ἷψ
0 1460 2 1466 -
0 1434 4 1439 v

114 1145 446 1216 πάμπολλαι.

254 1230 380 1282 ΣΩ.
433 1226 640 1295 Πάλιν,
674 1220 719 1282 ὦ
739 1229 977 1296 Μένων,
1012 1224 1216 1281 ταύτὸν
1235 1225 1622 1297 πεπόνθαμεν·
1653 1232 1793 1281 πολ-

116 1308 217 1373 λάς
245 1303 320 1363 αὖ
349 1306 664 1380 εὑρήκαμεν
685 1306 883 1379 ἀρετὰς
903 1316 1037 1379 μίαν
1056 1312 1369 1379 ζητοῦντες,
1389 1306 1564 1364 ἄλλον
1581 1307 1791 1380 τρόπον

115 1387 154 1462 ἦ
171 1397 280 1446 νῦν
302 1392 371 1462 δή
387 1412 399 1423 ·
437 1389 542 1462 τήν
563 1392 622 1446 δὲ
642 1398 802 1463 μίαν,
841 1388 878 1462 ἢ
909 1389 998 1447 διὰ
1030 1391 1255 1446 πάντων
1271 1390 1486 1447 τούτων
1504 1393 1680 1461 ἐστίν,
1720 1388 1790 1446 οὐ

117 1473 409 1544 δυνάμεθα
434 1470 706 1541 ἀνευρεῖν.

265 1562 346 1611 Vl.
419 1560 605 1611 ΜΕΝ.
665 1551 750 1610 Οὐ
769 1552 878 1625 γὰρ
898 1555 1146 1625 δύναμαί
1158 1573 1270 1625 πω,
1303 1548 1348 1610 ὦ
1364 1554 1686 1626 Σώκρατες,
1717 1553 1792 1620 ὦς
1821 1573 1854 1614 Β

118 1639 191 1693 σύ
221 1642 416 1708 ζητεῖς,
455 1643 587 1709 μίαν
616 1636 821 1709 ἀρετήν
848 1644 1038 1711 λαβεῖν
1068 1636 1206 1694 κατὰ
1233 1638 1487 1710 πάντων,
1526 1637 1710 1710 ὥσπερ
1729 1640 1792 1695 ἐν

115 1730 228 1784 τοῖς
247 1718 446 1785 ἄλλοις.

261 1804 384 1856 ΣΩ.
442 1802 688 1867 Εἰκότως
706 1823 795 1872 γε·
817 1800 939 1858 ἀλλ’
958 1800 1067 1874 ἐγω
1089 1802 1538 1875 προθυμήσομαι,
1560 1801 1657 1858 ἐὰν
1676 1796 1792 1867 οἶός

115 1883 164 1939 τ’
190 1906 263 1953 ω,
303 1880 441 1954 ἡμᾶς
469 1884 853 1956 προσβιβάσαι.
875 1885 1184 1956 μανθάνεις
1203 1885 1310 1954 γάρ
1330 1906 1466 1954 που,
1488 1907 1573 1940 οτι
1591 1881 1795 1940 οὑτωσὶ

117 1969 227 2037 ἔχει
244 1969 370 2035 περὶ
389 1967 617 2032 παντός·
657 1975 714 2024 εἴ
726 1973 807 2033 τίς
837 1985 897 2023 σε
917 1966 1168 2038 ἀνέροιτο
1188 1974 1380 2035 τοῦτο,
1420 1964 1452 2022 ὂ
1470 1974 1579 2022 νῦν
1598 1964 1664 2038 δὴ
1684 1965 1791 2036 ἐγω

118 2051 327 2119 ἔλεγον,
346 2054 402 2104 τί
415 2051 527 2105 ἐστι
547 2055 742 2121 σχῆμα,
764 2072 807 2105 ω
788 2044 1066 2117 Μένων;
1086 2054 1138 2105 εἰ
1153 2047 1305 2121 αὐτῷ
1324 2047 1519 2114 εἷπες’
1487 2071 1573 2105 οτι
1591 2065 1792 2120 στρογ-

118 2131 379 2202 γυλότης,
412 2139 465 2187 εἰ
478 2148 564 2187 σοι
583 2130 735 2188 εἶπεν
753 2132 894 2202 ἅπερ
916 2132 1024 2204 ἐγώ
1036 2175 1051 2203 ,
1084 2132 1322 2202 πότερον
1341 2138 1521 2203 σχῆμα
1537 2129 1571 2203 ἡ
1593 2148 1793 2202 στρογ-

119 2213 354 2284 γυλότης
371 2215 519 2269 ἐστὶν
537 2211 573 2284 ἦ
593 2215 771 2286 σχῆμά
791 2237 868 2281 τις
889 2213 1034 2280 εἶπες
1054 2215 1235 2286 δήπου
1255 2210 1327 2270 ἄν
1346 2212 1431 2269 ὅτι
1451 2214 1629 2285 σχῆμά
1653 2235 1720 2267 τι.

265 2301 444 2352 ΜΕΝ.
503 2295 667 2350 Πάνυ
685 2317 761 2365 γε.

259 2383 382 2433 ΣΩ.
441 2375 672 2432 Οὐκοῦν
697 2376 787 2433 διὰ
807 2385 997 2448 ταῦτα,
1018 2376 1102 2434 ὅτι
1121 2380 1211 2434 καὶ
1231 2376 1370 2434 ἄλλα
1390 2381 1503 2434 ἔστι
1518 2376 1790 2449 σχήματας
1824 2394 1856 2438 G

258 2465 443 2515 ΜΕΝ.
501 2464 624 2514 Ναί.

259 2547 384 2597 ΣΩ.
440 2542 549 2596 Καὶ
571 2548 624 2596 εἰ
644 2562 705 2611 νε
734 2541 1136 2612 προσανηρώτα
1163 2558 1224 2597 σε
1252 2539 1443 2614 ὁποῖα,
1482 2545 1662 2615 ἔλεγες
1690 2540 1789 2610 ἄνς

257 2627 441 2679 ΜΕΝ.
490 2621 709 2693 Ἐγωγε.

259 2710 382 2760 ΣΩ.
439 2706 548 2761 Καὶ
577 2699 651 2759 αὖ
678 2709 728 2761 εἰ
755 2706 878 2775 περὶ
909 2703 1195 2776 χρώματος
1223 2703 1485 2770 ὡσαύτως
1506 2703 1738 2778 ἀνήρετο
1759 2704 1790 2762 ὅ

119 2806 169 2839 τι
200 2788 341 2852 ἔστι,
376 2786 467 2842 καὶ
494 2785 745 2852 εἰπόντος
772 2804 904 2855 σου,
948 2784 1031 2843 ὅτι
1070 2785 1131 2843 τὸ
1174 2788 1404 2858 λευκόν,
1447 2786 1581 2856 μετὰ
1620 2793 1792 2843 ταῦτα

264 2863 413 2909 Puro
442 2864 515 2909 111.
1482 2869 1533 2911 21
