1994 3100
150 215 288 246 xxvm
359 189 365 193 ’
851 201 1240 245 PRAEFATIO.

146 323 282 376 gratia
316 319 477 361 Socrati
504 319 733 372 habeatur,
765 331 893 370 quum
929 317 1057 370 hujus
1098 316 1230 356 solius
1257 328 1387 370 opera
1422 317 1464 357 in
1499 317 1712 358 recitanda
1748 320 1934 361 oratione

147 379 367 420 exstiterit.

263 435 442 488 Clitoph.
477 447 521 488 p.
547 432 634 476 406
670 434 709 474 A
742 423 868 477 ὅστις
903 418 965 483 ἦν
993 430 1134 471 Herm.
1166 443 1220 471 ex
1253 431 1360 483 conj.
1399 443 1475 484 pro
1506 442 1666 498 οστις,
1705 433 1817 484 quod
1853 434 1935 474 nisi

149 495 257 535 dura
285 493 423 558 ellipsi
458 491 659 545 explicari
685 504 767 531 non
776 495 967 556 ''potest3
1011 488 1209 540 idemque
1241 501 1283 542 p.
1316 485 1402 530 407
1431 488 1462 529 G
1491 482 1683 542 ἡγεῖσθε
1713 504 1806 530 cum
1839 492 1931 531 cod.

143 550 186 591 Σ
217 564 290 605 pro
320 545 524 604 ἥγησθε,
565 561 749 600 moxque
773 541 898 599 ὅμως
928 559 1005 601 pro
1044 544 1306 598 πῶς,(1ιιο(1
1335 546 1387 586 ab
1417 547 1730 602 objurgatione,
1769 550 1933 600 qualem

142 616 255 650 totus
290 608 405 649 locus
433 609 638 655 continet,
668 606 847 647 alienius
878 611 954 645 est.
1001 604 1146 656 Neque
1174 605 1285 644 enim
1311 605 1416 644 ratio
1448 606 1753 646 inconstantiae
1789 608 1934 658 exqui-

142 669 258 716 ritur,
288 667 409 718 quasi
434 678 527 706 eam
555 665 802 718 objurgator
827 675 911 703 non
935 662 1163 716 intelligat;
1191 662 1268 702 sed
1289 675 1416 713 quam
1442 663 1535 715 ipse
1560 664 1691 717 probe
1719 663 1934 718 intelligit,

143 724 381 764 auditorum
411 735 579 775 quoque
616 722 748 763 oculis
784 733 1024 776 proponere
1050 721 1215 767 studet3
1246 719 1396 760 horum
1424 721 1555 774 igitur
1577 721 1740 774 judicia
1769 723 1934 763 evocari
1991 730 1994 776 .]

141 783 388 833 neutiquam
419 792 527 835 opus
560 787 638 822 est.
673 802 734 811 ·—-
769 781 818 822 P.
850 775 936 820 409
965 779 997 819 E
1030 770 1332 829 δικαιοσυνην
1372 779 1588 832 flagitante
1627 781 1833 819 sententia
1869 780 1933 819 in·
1993 824 1994 827 Ἴ

143 840 278 888 serui,
319 839 439 903 cujus
476 839 659 892 vestigia
697 839 823 878 etiam
856 837 975 890 vulg.
1006 837 1128 877 lectio
1167 848 1263 876 cum
1298 836 1414 876 libris
1451 837 1672 878 scribendo
1708 829 1934 889 ὁμόνοιαν
1993 834 1994 837 ’

141 893 220 937 καὶ
252 889 513 949 ἐπιστήμην
546 897 744 937 servavit.
808 895 970 944 Quibus
1001 895 1043 934 in
1072 895 1212 934 verbis
1243 895 1342 945 quia
1365 894 1515 947 copula
1546 906 1674 934 sensu
1702 903 1838 945 caret,
1866 895 1931 935 BS

140 951 220 995 καὶ
254 954 454 995 cancellis
481 954 868 1001 circumdederunt,
900 954 933 993 T
956 953 1149 1006 protinus
1181 951 1468 1000 eliminarunt;
1509 951 1611 992 mihi
1641 965 1738 993 vero
1767 953 1933 993 medela

141 1026 194 1053 ex
223 1014 509 1078 sequentibus
521 1012 702 1077 petenda
728 1012 822 1051 visa
846 1017 932 1060 est,
965 1010 1036 1050 ubi
1073 1022 1201 1061 quum
1229 1002 1318 1061 τὴν
1345 1002 1437 1048 ὑπὸ
1466 1009 1548 1049 σοῦ
1577 1007 1828 1063 λεγομένην
1861 1008 1930 1050 δι-

140 1064 399 1122 καιοσύνήν
427 1059 458 1122 ἢ
490 1062 717 1121 ὁμόνοιαν
747 1069 972 1109 memorari
994 1067 1243 1115 videamus,
1283 1067 1454 1108 easdem
1487 1080 1598 1108 nuno
1631 1081 1799 1135 quoque
1835 1082 1933 1109 con-

140 1130 264 1196 jungi
284 1140 366 1196 par
388 1134 465 1168 est.
485 1149 544 1158 —
567 1129 612 1168 P.
635 1126 723 1170 410
746 1126 775 1167 C
806 1118 981 1171 ἐθέλεις
1006 1125 1041 1164 H
1068 1138 1163 1165 cum
1190 1125 1310 1165 libris
1333 1125 1541 1178 plurimis,
1569 1118 1751 1173 ἐθέλοις
1770 1125 1930 1167 VBST:

139 1191 180 1226 at
209 1185 390 1226 εθελειν
419 1186 461 1225 ἰιι
494 1185 647 1226 talibus
679 1187 819 1249 ipsum
847 1186 932 1224 vim
962 1183 1280 1237 hypotheticam
1303 1183 1499 1232 continet,
1527 1183 1726 1226 utAlcib.
1743 1185 1776 1225 Ι.
1794 1197 1832 1227 o.
1846 1181 1929 1226 17:

136 1237 181 1283 εἰ
206 1235 257 1283 δ’
283 1231 346 1283 αὖ
369 1234 544 1289 ἐθέλεις
575 1237 640 1288 εἰς
667 1235 894 1288 πλούτους
923 1215 1636 1308 οἷποβλέψαι-αἰσχυνθείης“”
1607 1254 1666 1281 αν
1698 1235 1774 1281 ἐπὶ
1802 1251 1932 1282 σεαυ-

135 1298 222 1367 τῷε
249 1301 467 1342 Demosth.
502 1314 536 1340 c
566 1301 742 1341 Androt.
776 1301 816 1350 S
847 1299 925 1341 55:
958 1293 1001 1338 εἰ
1026 1294 1183 1339 θέλετε
1211 1295 1689 1350 σκέψασθαι-τοῦτο
1717 1297 1931 1352 μέγιστον

135 1341 195 1397 ἂν
225 1350 428 1412 εῧροιτεε
461 1359 529 1398 cui
562 1365 701 1399 tamen
732 1371 784 1399 ne
811 1358 965 1398 idonea
995 1357 1197 1410 apodosis
1228 1358 1418 1409 deesset,
1451 1371 1550 1398 mox
1578 1358 1713 1398 otioso
1745 1359 1931 1424 interpo-
1978 1384 1983 1390 -

137 1416 319 1458 lamento
341 1414 485 1456 ταῦτα
505 1415 735 1468 γιγνέσθω
768 1416 1082 1468 circumscripto
1112 1416 1252 1469 ipsum
1282 1408 1368 1461 θες
1393 1428 1488 1456 oum
1513 1411 1593 1455 καὶ
1620 1413 1706 1453 νῦν
1739 1410 1798 1467 δὴ
1832 1430 1931 1457 eon-

135 1475 252 1515 tiuua
281 1475 469 1515 oratione
502 1475 716 1527 conjunxi.

254 1560 343 1605 Ser.
375 1560 600 1615 Gottingae
634 1562 674 1602 d.
707 1561 837 1601 XVII.
870 1559 986 1613 Sept.
1020 1573 1058 1600 a.
1091 1558 1338 1602 MDCCGLI.

1359 1686 1409 1728 0.
1439 1687 1517 1728 Pr.
1547 1687 1809 1730 Hermann.
