2020 3094
213 123 279 177 72
822 127 1303 176 ΠΛΑΤΩΝΟΣ

211 253 318 328 ἆρα
337 259 443 333 ἐῴη
464 255 536 315 ἂν
555 258 728 316 αὐτὸν
750 258 1026 315 ἅπτεσθαι
1051 265 1165 314 τοῦν
1193 261 1394 315 ἑαυτοῦ
1426 260 1765 334 ὀφθαλμῶν,
1806 267 1876 334 μὴ

93 355 182 398 210
211 339 402 411 ἰατρὸν
423 339 759 413 ἡγούμενος,
782 338 816 413 ἢ
836 341 1045 397 κωλύοι
1064 340 1162 408 &im
1195 343 1421 398 Κωλύοι
1440 343 1527 400 ἄν.
1551 342 1723 415 Ἡμᾶς
1742 347 1803 400 δέ
1816 368 1879 416 γε

209 429 259 479 εἰ
285 421 670 495 ὑπολαμβάνοι
700 421 979 494 ἰατρικοὺς
1015 422 1180 491 εἶναι,
1220 419 1327 478 κᾶν
1348 429 1397 479 εἰ
1421 430 1765 497 βουλοίμεθα
1795 429 1880 481 δι-

209 512 522 577 ανοίγοντες
548 505 677 571 τοὺς
706 503 1040 578 ὀφθαλμοὺς
1067 506 1304 578 ε’μπάσαι
1322 511 1416 576 τῆς
1435 509 1662 579 τέφρας,
1710 506 1878 579 οἶμαι,

208 586 312 643 οὐκ
342 584 413 642 ὄὶν
452 588 779 660 κωλύσειεν,
816 587 1124 661 ἡγούμενος
1152 587 1337 659 ὀρθῶς
1372 601 1617 659 φρονεῖν
1674 588 1880 661 Ἀληθῆ

207 672 395 740 λέγεις.
427 663 534 739 Ἀρ’
557 664 662 727 οὖν
690 675 781 728 καὶ
810 667 980 729 τᾶλλα
1009 672 1187 727 πάντα
1204 670 1335 742 ἡμῖν
1354 667 1674 742 ἐπιτρέποι
1648 670 1720 727 άν
1737 679 1877 743 μᾶλ-

204 759 305 807 λον
323 747 360 822 ἦ
379 754 555 824 ἑαυτῷ
576 755 667 808 καὶ
686 760 761 829 τῷ
782 758 894 810 υἱεῖ
901 755 1056 824 ,περὶ
1082 752 1233 809 ὅσων
1253 750 1324 809 ἂν
1346 755 1589 824 δόξωμεν
1609 750 1759 828 αύτω
1778 771 1872 809 σο-

205 833 447 904 φώτεροι
466 835 693 890 ἐκείνων
712 834 876 902 εἶναι;
901 798 1160 906 ’'Ava'yxn,
1183 839 1304 906 ἔφη,
1327 829 1371 890 ω’
1388 834 1697 904 Σώκρατες.

343 920 430 971 VI.
509 915 703 981 Οὕτως
722 915 831 987 ἄρα
862 922 995 988 ἔχει,
1033 910 1106 987 ἦν
1128 913 1178 970 δ’
1204 917 1338 985 ἐγιό,
1379 910 1423 972 ὦ
1452 921 1576 986 φίλε
1594 915 1768 970 Λύσι·
1804 920 1878 980 εἰς

147 1015 179 1055 Β
211 996 313 1066 μὲν
333 1003 533 1068 ταῦτα,
572 995 607 1052 ἃ
626 994 695 1053 ἂν
716 999 980 1068 φρόνιμοι
993 997 1315 1069 γενώμεθα,
1355 997 1591 1062 ἅπαντες
1611 994 1741 1069 ἡμῖν
1760 998 1879 1053 ἐπι-

203 1080 529 1148 τρέψουσιν,
554 1079 812 1152 Ἕλληνές
832 1103 889 1136 τε
917 1082 1009 1137 καὶ
1034 1081 1308 1153 βάρβαροι
1338 1083 1428 1138 καὶ
1446 1080 1645 1151 ἄνδρες
1663 1082 1755 1136 καὶ
1772 1103 1877 1151 γυ-

204 1172 416 1232 ναῖκες,
453 1162 756 1234 ποιήσομέν
777 1185 834 1218 τε
855 1165 914 1218 έν
932 1163 1149 1229 τούτοις
1170 1163 1204 1219 3
1220 1187 1272 1220 τι
1291 1161 1364 1220 ἂν
1381 1164 1719 1237 βουλώμεθα
1732 1205 1746 1231 ,
1786 1165 1876 1219 καὶ
1894 1227 1896 1229 ,

204 1241 386 1307 οὐδεὶς
403 1241 548 1314 ἡμᾶς
570 1241 712 1299 ἑκών
733 1242 872 1299 εἶναι
892 1247 1161 1316 ε’μποδιεῖ,
1193 1245 1304 1302 ἀλλ’
1329 1246 1489 1302 αὐτοί
1502 1268 1560 1302 τε
1590 1245 1876 1315 ἐλεύθεροι

205 1326 447 1397 ἐσόμεθα
468 1329 527 1384 ἐν
547 1325 732 1392 αὐτοῖς
751 1329 842 1384 καὶ
860 1327 1046 1385 ἄλλων
1066 1328 1351 1400 ἄρχοντες,
1372 1327 1607 1401 ἡμέτερά
1627 1350 1684 1383 τε
1702 1335 1873 1383 ταῦτα

204 1412 379 1464 ἔσται·
421 1407 742 1481 ὀνησόμεθα
770 1409 878 1482 γὰρ
910 1408 998 1466 ἀπ’
1032 1410 1244 1468 αὐτῶν·
1284 1416 1358 1476 εἰς
1388 1409 1424 1466 ὁὶ
1453 1409 1507 1466 δ’
1528 1407 1600 1465 ἂν
1629 1416 1771 1466 νοῦν
1800 1411 1872 1481 μη

203 1490 562 1562 κτησώμεθα,
602 1491 730 1548 οὔτε
751 1515 830 1557 τις
848 1490 982 1564 ἡμῖν
1002 1495 1277 1564 ἐπιτρέψει
1296 1495 1420 1564 περὶ
1441 1491 1581 1548 αὐτοὶ
1613 1503 1790 1548 ποιεῖν
1808 1488 1874 1547 τὰ

204 1570 337 1644 ἡμῖν
361 1576 662 1643 δοκοῦντα,
695 1572 810 1631 ἀλλ’
834 1578 1159 1646 ἐμποδιοῦσι
1188 1578 1389 1641 πάντες
1407 1573 1533 1632 καθ’
1557 1574 1590 1631 3
1613 1597 1665 1631 τι
1689 1571 1761 1630 ἂν
1776 1578 1876 1630 δυ’-

144 1675 174 1715 c
206 1677 436 1727 νωνται,
477 1653 545 1711 ού
576 1657 754 1727 μόνον
782 1661 839 1713 οἰ
867 1657 1172 1730 ἀλλότριοι,
1208 1656 1347 1713 άλλόι
1382 1658 1474 1713 καὶ
1512 1655 1540 1712 ὁ
1571 1654 1748 1727 πατὴρ
1786 1657 1877 1710 καὶ

201 1736 432 1809 ἡμήτηρ
454 1739 546 1794 καὶ
578 1747 632 1794 εἴ
653 1761 704 1793 τι
733 1739 946 1795 τούτων
977 1741 1312 1811 οἰκειότερόν
1341 1742 1514 1810 ἐστιν,
1553 1737 1714 1793 αὐτοί
1738 1759 1796 1794 τε
1817 1742 1878 1793 ἐν

203 1819 390 1885 αὐτοῖς
410 1821 653 1891 ἐσόμεθα
673 1821 860 1878 άλλων
879 1821 1135 1895 ὑπήκοοι,
1156 1827 1245 1878 καὶ
1265 1820 1399 1894 ἡμῖν
1419 1826 1567 1878 ἔσται
1587 1819 1873 1891 ἀλλότρια·

203 1899 369 1957 ουδεν
386 1924 492 1973 γαρ
515 1899 602 1958 ἀπ’
625 1902 811 1960 αὐτων
829 1903 1165 1978 ὀνησόμεθα.
1194 1915 1492 1976 συγχωρεῖς
1511 1902 1688 1968 οὕτως
1705 1907 1871 1973 ἔχειν·
1859 1944 1872 1969 ,

202 1990 503 2054 Συγχωρω.
549 1980 658 2053 Αρ’
680 1979 785 2041 οὖν
803 2009 878 2061 τςο
900 1993 1051 2057 φίλοι
1070 1989 1313 2059 ἐσόμεθα
1344 1992 1440 2042 καί
1454 2009 1534 2051 τις
1548 1983 1692 2058 ἡμᾶς
1710 1984 1877 2057 φιλή-

203 2082 286 2121 σει
304 2069 367 2122 έν
385 2066 626 2138 τούτοις,
665 2070 726 2123 ἐν
746 2065 881 2133 οἷς’“
845 2091 917 2124 αν
938 2092 1086 2140 ωμεν
1103 2069 1429 2141 ἀνωφελεῖς;
1471 2067 1557 2125 Οὐ
1575 2073 1728 2140 δῆτα,
1751 2074 1873 2140 ἔφη.

199 2148 376 2204 Νῦν’
338 2148 459 2220 άρα
479 2147 611 2205 οὐδὲ
631 2147 738 2205 σὲ
711 2172 739 2204 ο
763 2148 939 2221 πατὴρ
961 2150 1091 2208 οὐδὲ
1111 2151 1274 2217 άλλος
1293 2151 1466 2208 άλλον
1486 2150 1687 2208 οὐδένα
1709 2158 1872 2222 φιλεῖ,

201 2227 327 2286 καθ’
350 2229 486 2287 ὅσον
507 2227 580 2286 ἂν
598 2254 633 2304 ῃ
654 2231 937 2303 άχρηστος.
975 2232 1095 2290 Οὐκ
1116 2238 1311 2306 ἔοικεν,
1334 2238 1454 2341 ἔφη.
1504 2232 1627 2289 Ἐὰν
1647 2233 1801 2306 μὲν”
1767 2256 1873 2302 αρα

202 2310 377 2384 σοφὸς
395 2316 556 2385 γένῃ,
597 2337 637 2369 ω
670 2327 794 2386 παῖ,
834 2315 1036 2382 πάντες
1066 2335 1154 2373 σοι
1182 2322 1333 2388 φίλοι
1352 2319 1444 2373 καὶ
1463 2318 1664 2382 πάντες
1682 2333 1769 2373 σοι
1790 2321 1872 2371 οἰ-

137 2412 171 2453 D
200 2408 337 2452 κεῖοι
365 2400 608 2452 ἔσονται·
657 2396 917 2469 χρήσιμος
942 2421 1050 2469 γαρ
1082 2402 1173 2459 καὶ
1204 2398 1418 2470 άγαθὸς
1447 2403 1584 2455 ε’·σει
1622 2403 1673 2454 εἰ
1699 2399 1758 2454 δε
1777 2398 1871 2469 μή,

199 2479 286 2534 σοὶ
305 2477 429 2534 οὔτε
451 2477 613 2545 ἄλλος
634 2478 814 2546 οὐδεὶς
833 2481 959 2538 οὔτε
979 2480 1197 2553 ὁπατὴρ
1216 2488 1375 2553 φίλος
1394 2486 1542 2537 ἔσται
1561 2478 1740 2552 οὕτεὴ
1765 2481 1868 2551 μή·

197 2580 299 2631 τηρ
319 2558 447 2615 οὔτε
469 2563 525 2615 οἰ
542 2566 745 2618 οἰκεῖοι.
785 2561 907 2620 οἶόν
925 2586 984 2620 τε
1004 2559 1109 2621 οὗν
1129 2565 1216 2620 ἐπὶ
1234 2563 1465 2634 τούτοις,
1489 2558 1535 2618 ὦ
1550 2563 1715 2634 Λύσι,
1731 2564 1869 2633 μέγα

197 2654 458 2714 φρονεῖν,
496 2646 557 2699 ἐν
576 2642 656 2709 οἷς
683 2667 762 2710 τις
780 2646 943 2717 μήπω
964 2659 1187 2718 φρονεῖς
1222 2647 1331 2702 Καὶ
1359 2653 1474 2710 πῶς
1494 2644 1593 2712 άνς
1622 2649 1744 2716 ἔφη.
1798 2650 1870 2701 Εἰ

196 2721 251 2780 δ’
276 2723 385 2794 ἄρα
409 2726 479 2780 σὺ
502 2726 838 2782 διδασκάλου
858 2731 982 2799 δέει,
1008 2729 1165 2787 οὔπω
1186 2741 1426 2799 φρονεῖς.
1461 2726 1680 2800 Ἀληθῆ.
1724 2726 1866 2784 Οὐδ’
