2020 3094
146 134 195 181 1⁷
709 130 1253 179 ΕΥΘΥΔΗΜΟΣ.
1720 126 1823 178 105

141 263 347 331 μαθών
371 284 484 334 μου
510 267 603 319 καὶ
630 270 743 319 τῶν
760 261 948 319 ἄλλων
974 262 1309 329 καταψεύδει
1337 266 1554 317 τοιοῦτο
1575 267 1820 332 πρᾶγμα,

143 341 178 398 ὃ
191 341 301 414 ε’γώ
320 343 470 415 οἶμαι
489 343 615 401 οὐδ’
635 345 797 402 ὅσιον
816 343 957 401 εἶναι
974 346 1171 415 λέγειν,
1193 342 1265 408 ὡς
1283 341 1389 414 ἐγώ
1408 343 1572 399 τόνδε
1592 349 1821 415 βουλοί-

139 447 251 496 μην
266 423 340 482 ἄν
359 430 698 494 ἐξολωλέναι.
742 434 813 485 Τί
825 431 911 499 δέ,
933 432 1068 499 ἔφη,
1091 421 1135 484 ὦ
1154 426 1469 500 Κτήσιππε,
1496 423 1526 482 ὁ
1547 424 1821 497 Εὐθύδη·

137 529 267 577 μσς,
288 503 326 580 ἦ
346 513 501 567 δοκεῖ
513 529 602 567 σοι
619 508 743 568 οἶόν
761 509 802 566 τ’
826 509 966 567 εἶναι
987 509 1326 576 ψεύδεσθαι;
1362 505 1453 579 Νὴ
1474 513 1604 579 Δία,
1627 510 1752 578 ἔφη,
1774 512 1824 563 εἰ

141 590 215 661 μὴ
237 597 508 664 μαίνομαί
521 615 605 664 γε.
635 592 891 663 Πότερον
909 595 1143 663 λέγοντα
1162 589 1223 646 τὸ
1247 597 1489 662 πρᾶγμα,
1511 592 1636 660 περὶ
1659 584 1732 647 οὗ
1748 586 1821 646 ἂν

138 671 168 729 ὁ
189 673 356 744 λόγος
371 670 436 747 ᾗ,
475 672 510 748 ἦ
527 675 601 748 μὴ
624 681 883 746 λέγοντας
917 676 1196 745 Λέγοντα,
1238 678 1360 745 ἔφη.
1417 672 1649 730 Οὐκοῦν
1669 681 1822 746 εἴπερ
1850 687 1936 733 284

139 759 286 827 λέγει
305 756 472 830 αὐτό,
511 757 615 814 οὐκ
636 758 772 814 ἄλλο
795 760 941 829 λέγει
965 763 1079 812 τῶν
1106 754 1288 812 ὄντων
1315 752 1351 827 ἦ
1374 757 1550 812 ἐκεῖνο
1571 754 1709 827 ὅπερ
1730 758 1822 812 λέ-

135 858 245 909 γεις
281 845 412 906 Πῶς
430 839 540 911 γὰρ
559 841 657 907 ἅν;
695 846 800 912 ἔφη
832 838 861 897 ὁ
884 839 1222 910 Κτήσιππος.
1261 834 1359 894 Ἓν
1387 837 1500 909 μὴν
1525 836 1754 894 κάκεῖνό
1773 837 1819 909 γ’

136 923 251 978 ἐστὶ
267 929 383 978 τῶν
401 921 600 994 ὄντων,
620 921 652 979 ὂ
666 926 830 994 λέγει,
851 924 1015 994 χωρὶς
1024 927 1137 977 τῶν
1148 919 1349 976 ἄλλων.
1368 919 1535 975 Πάνυ
1553 942 1631 991 γε.
1666 918 1821 977 Οὐκ-

137 1010 245 1060 οῦν
262 1001 293 1059 ὁ
314 1005 492 1061 έκεῖνο
511 1006 691 1075 λέγων
708 1005 770 1061 τὸ
793 1005 888 1075 ὅν,
920 1009 1052 1076 ἔφη,
1092 1007 1264 1075 λέγεις
1299 1009 1427 1060 Ναί.
1476 1001 1635 1060 Ἀλλοὶ
1654 1001 1767 1076 μὴν
1787 1002 1821 1058 ὅ

137 1108 199 1155 γε
215 1084 278 1142 τὸ
300 1082 370 1142 ὂν
387 1089 567 1158 λέγων
585 1089 678 1144 καὶ
695 1086 763 1143 τὰ
783 1086 918 1144 ὅντα
935 1086 1155 1159 τάληθῆ
1173 1089 1319 1157 λέγει
1331 1107 1343 1119 ·
1383 1084 1523 1142 ὥστε
1543 1083 1572 1142 ὁ
1605 1092 1822 1141 Διονυ-

136 1167 400 1239 σόδωρος,
421 1177 575 1240 εἰπερ
595 1171 741 1240 λέγει
758 1167 824 1225 τὰ
844 1168 998 1239 ὄντα,
1019 1172 1165 1240 λέγει
1183 1168 1400 1241 τάληθῆ
1418 1169 1510 1225 καὶ
1529 1167 1696 1225 οὐδὲν
1716 1190 1821 1224 κα-

134 1249 203 1306 τὰ
223 1256 329 1307 σοῦ
346 1251 624 1318 ψεύδεται.
676 1259 817 1324 Ναί,
858 1257 992 1325 ἔφη·
1032 1250 1143 1308 ἀλλ’
1168 1249 1197 1308 ὁ
1220 1258 1394 1307 ταῦτα
1413 1252 1617 1323 λέγων,
1657 1255 1764 1322 ἔφη
1787 1248 1818 1306 ὁ

134 1334 482 1406 Κτήσιππος,
505 1329 551 1391 ὦ
569 1334 899 1408 Εὐθύδημε,
919 1334 990 1392 οὐ
1013 1334 1079 1392 τὰ
1103 1334 1236 1392 ὄντα
1256 1337 1418 1405 λέγει.
1456 1331 1595 1390 καὶὸ
1617 1331 1821 1389 Εὐθύ-
1851 1342 1884 1384 Β

137 1419 335 1487 δημος,
385 1415 467 1473 Τὰ
495 1419 554 1475 δὲ
586 1417 661 1490 μὴ
682 1416 846 1491 ὄντα,
888 1424 1023 1491 ἔφη,
1062 1418 1197 1475 ἄλλο
1218 1441 1270 1474 τι
1290 1413 1328 1489 ἦ
1349 1416 1452 1473 οὐκ
1471 1421 1646 1483 ἔστιν;
1695 1415 1819 1473 Οὐκ

132 1502 296 1554 ἔστιν.
339 1498 507 1556 ’Άλλο
536 1523 588 1556 τι
613 1495 721 1557 οὖν
749 1499 1003 1574 οὐδαμοῦ
1029 1503 1098 1558 τοὶ
1123 1524 1186 1573 γε
1213 1501 1286 1574 μὴ
1319 1501 1455 1557 ὅντα
1485 1499 1620 1557 ὅντα
1639 1502 1819 1568 έστίν;

138 1578 426 1653 Οὐδαμοῦ.
463 1580 654 1638 Ἔστιν
674 1577 781 1639 οὖν
799 1583 951 1650 ὅπως
977 1587 1101 1654 περὶ
1127 1591 1303 1641 ταῦτα
1321 1583 1389 1640 τοὶ
1412 1584 1486 1656 μὴ
1514 1583 1654 1641 ὅντα
1672 1585 1818 1655 προί-

136 1670 277 1730 ξειεν
294 1664 369 1720 ἄν
386 1671 467 1731 τίς
483 1688 563 1737 τι,
605 1665 744 1723 ὥστε
773 1670 864 1723 καὶ
894 1667 1035 1724 εἶναι
1052 1668 1335 1740 ποιήσειεν
1354 1664 1426 1723 ἂν
1443 1668 1535 1723 καὶ
1554 1663 1820 1723 ὁστισοῦν

134 1746 202 1803 τὰ
220 1751 479 1819 μηδαμοῦ
510 1748 678 1818 ὄντας
727 1749 848 1806 Οὐκ
870 1756 1054 1822 ἔμοιγε
1075 1753 1253 1820 δοκεῖ,
1297 1753 1402 1820 ἔφη
1423 1747 1452 1804 ὁ
1474 1749 1814 1820 Κτήσιππος.

142 1837 211 1886 Τί
223 1825 355 1896 οὖν;
374 1835 433 1887 οί
445 1832 675 1904 ῥήτορες
688 1831 825 1888 ὅταν
836 1835 1072 1904 λέγωσιν
1085 1835 1146 1889 έν
1164 1839 1241 1906 τῷ
1256 1834 1430 1908 δήμῳ,
1454 1831 1623 1889 οὐδὲν
1641 1833 1818 1904 πράτ-

132 1930 353 1979 τουσιν;
370 1915 694 1987 Πράττουσι
711 1917 815 1988 μὲν
830 1910 954 1986 οὖν,
975 1911 1011 1988 ἦ
1027 1914 1073 1972 δ’
1098 1915 1173 1981 ὅς.
1217 1914 1451 1972 Οὐκοῦν
1468 1923 1621 1988 εἴπερ
1641 1916 1818 1988 πράτ-

131 2013 307 2068 τουσι,
326 2000 415 2054 καὶ
440 2005 729 2067 ποιοῦσιν;
763 2005 891 2055 Ναί.
938 2000 1013 2055 Τὸ
1034 2002 1218 2071 λέγειν
1240 1998 1349 2069 ἄρα
1371 1999 1634 2070 πράττειν
1645 2021 1704 2055 τε
1723 2001 1814 2055 καὶ
1846 2014 1878 2057 c

132 2090 313 2136 ποιεῖν
334 2082 508 2150 έστίν;
535 2080 926 2155 Ὡμολόγησεν.
981 2081 1103 2140 Οὐκ
1127 2084 1236 2155 ἄρα
1256 2083 1323 2139 τά
1341 2105 1403 2153 γε
1424 2081 1498 2155 μὴ
1518 2081 1649 2152 ὅντ’,
1689 2086 1815 2154 ἔφη,

134 2164 279 2231 λέγει
297 2162 505 2229 οὐδείς·
543 2178 694 2222 ποιοῖ
721 2165 828 2238 γὰρ
849 2163 921 2222 ἂν
945 2165 1051 2238 ἤδη
1081 2173 1158 2222 τί·
1198 2166 1271 2220 σὺ
1291 2165 1351 2222 δὲ
1371 2163 1733 2236 ὡμολόγηκας
1750 2162 1813 2220 τὸ

133 2243 208 2315 μή
230 2240 299 2300 ὂν
318 2244 392 2317 μὴ
420 2244 544 2303 οἶόν
568 2245 608 2302 τ’
634 2246 776 2304 εἶναι
804 2249 942 2321 μηδὲ
972 2259 1180 2304 ποιεῖν·
1219 2245 1358 2304 ὥστε
1394 2245 1535 2303 κατὰ
1570 2247 1673 2302 τὸν
1709 2246 1815 2303 σὰν

131 2327 304 2398 λόγον
333 2326 518 2394 οὐδεὶς
538 2335 717 2402 ψευδῆ
748 2337 919 2402 λέγει,
963 2329 1079 2386 ἀλλ’
1101 2338 1254 2401 εἴπερ
1283 2332 1429 2401 λέγει
1445 2330 1814 2386 Διονυσόδω-

131 2430 255 2479 ρος,
295 2409 510 2483 τάληθῆ
530 2434 587 2468 τε
619 2414 710 2469 καὶ
731 2412 795 2469 τὰ
817 2412 954 2469 ὄντα
973 2414 1134 2483 λέγει.
1192 2410 1287 2483 Νὴ
1308 2417 1446 2483 Δία,
1485 2416 1590 2484 ἔφη
1611 2409 1641 2469 ὁ
1659 2413 1815 2485 Κτή-

131 2509 356 2565 σιππος,
390 2488 435 2550 ὦ
452 2492 760 2567 Εὐθύδημε
774 2516 785 2527 ·
823 2493 965 2552 ἀλλὰ
982 2494 1051 2552 τὰ
1073 2494 1208 2552 ὄντα
1227 2495 1331 2567 μὲν
1347 2494 1560 2565 τρόπον
1576 2495 1701 2551 τινὰ
1722 2500 1813 2552 λέ-

131 2597 240 2647 γει,
261 2575 332 2632 ού
348 2579 537 2647 μέντοι
553 2576 627 2643 ὥς
643 2599 707 2647 γε
728 2583 850 2648 ἔχει.
895 2584 1027 2645 Παῖς
1045 2582 1247 2650 λέγεις,
1265 2582 1373 2651 ἔφη
1393 2575 1423 2634 ὁ
1444 2578 1814 2635 Διονυσόδω-

130 2678 252 2727 οος,
273 2653 317 2715 ὦ
335 2660 653 2732 Κτήσιππε;
690 2662 794 2716 εἰσὶ
812 2661 920 2731 γάρ
944 2682 1115 2731 τινες,
1146 2665 1203 2717 οἳ
1218 2663 1440 2732 λέγουσι
1460 2659 1527 2716 τὰ
1550 2662 1808 2734 πράγμα-
1838 2674 1874 2716 1>

130 2762 196 2795 τα
217 2739 290 2807 ὥς
308 2746 444 2813 ἔχει;
495 2745 621 2800 Εἰσὶ
640 2747 855 2814 μέντοι,
892 2749 1025 2815 ἔφη,
1061 2747 1117 2801 οἰ
1132 2751 1294 2800 καλοί
1309 2766 1365 2800 τε
1385 2741 1627 2815 κάγαθοὶ
1647 2747 1739 2801 καὶ
1760 2749 1817 2804 οἰ

129 2820 345 2895 τάληθῆ
365 2828 631 2895 λέγοντες.
688 2832 757 2883 Τί
772 2821 905 2894 οὖνς
941 2822 977 2898 ἦ
1000 2826 1052 2883 δ’
1076 2827 1163 2893 ὅς·
1200 2826 1421 2899 τάγαθὰ
1442 2827 1546 2884 οὐκ
1567 2821 1633 2883 εὖ
1646 2870 1660 2897 ,
1681 2832 1807 2900 ἔφη,
