1962 3112
236 119 341 173 354
847 110 1317 174 ΠΛΑΤΩΝΟΣ
1735 110 1738 111 ’
1830 86 1926 182 15⁶²

243 255 554 321 δασκοέλους
572 269 684 321 τοῖς
715 261 886 328 νέοις,
925 258 1016 312 καὶ
1050 254 1340 328 ὁμολογεῖν
1359 260 1685 317 διδάσκαλοί
1697 282 1755 316 τε
1775 259 1914 318 εἶναι

239 333 276 407 ἦ
297 339 556 394 διδακτὸν
574 339 803 410 ἀρετήνς

380 430 568 478 ΜΕΝ.
626 423 712 479 Οὐ
731 423 804 495 μοὶ
826 426 924 480 τὸν
943 431 1054 481 Δία
1068 465 1083 494 ‚
1106 416 1151 477 ὦ
1169 421 1491 494 Σώκρατες,
1513 424 1651 481 ἀλλὰ
1671 426 1790 482 τοτὲ
1811 421 1912 497 μὲν

240 501 312 560 ἄν
331 503 517 561 αὐτῶν
538 505 802 572 ἀκούσαις
823 505 897 572 ὥς
917 505 1205 575 διδακτόν,
1225 505 1344 561 τοτὲ
1365 506 1422 561 δὲ
1443 503 1514 572 ὦς
1533 507 1618 563 οὔ.

380 594 504 644 ΣΩ.
564 595 766 661 Φῶμεν
788 583 895 645 οὖν
918 589 1149 653 τούτους
1170 586 1534 654 διδασκάλους
1554 589 1692 647 εἶναι
1709 591 1910 648 τούτου

239 677 343 726 τοῦ
363 671 707 743 πράγματος,
730 669 809 737 οἷς
827 673 963 743 μηδὲ
984 670 1118 726 αὐτὸ
1139 677 1302 726 τοῦτο
1326 668 1697 741 ὁμολογεῖται;

383 760 569 810 ΜΕΝ.
628 754 718 810 Οὔ
736 776 828 825 μοι
849 757 1025 824 δοκεῖ,
1065 747 1111 808 οἷ
1128 753 1434 823 Σώκρατες.

381 842 505 891 ΣΩ.
568 842 636 891 Τί
651 838 737 892 δαὶ
758 836 851 907 δή;
882 840 936 892 οἰ
967 842 1228 907 σοφισταί
1250 854 1337 891 σοι
1356 828 1535 906 οὗτοι,
1576 838 1729 907 οἵπερ
1751 836 1912 907 μόνοι

184 930 214 973 C
243 921 694 989 ἐπαγγέλλονται,
718 924 944 976 δοκοῦσι
966 919 1287 974 διδάσκαλοι
1306 917 1445 974 εἶναι
1464 917 1686 990 ἄρετῆς;

383 1008 566 1058 ΜΕΝ.
617 1005 725 1060 Καὶ
754 1007 995 1073 Γοργίου
1023 1001 1284 1073 μάλιστα,
1324 993 1368 1055 ὦ
1388 999 1707 1070 Σώκρατες,
1737 1007 1911 1056 ταῦτα

241 1083 464 1155 ἄγαμαι,
488 1084 571 1140 ὅτι
591 1083 692 1141 οὐκ
712 1084 783 1140 ἄν
804 1107 934 1140 ποτε
954 1083 1128 1140 αὐτοῦ
1151 1091 1309 1139 τοῦτο
1332 1080 1594 1148 ἀκούσαις
1611 1081 1912 1154 ὑπισχνου-

240 1168 414 1236 μένου
428 1209 443 1237 ‚
465 1166 603 1222 ἀλλὰ
622 1169 846 1223 καὶτῶν
867 1166 1050 1223 ἄλλων
1069 1173 1369 1239 καταγελᾷ,
1395 1165 1529 1221 ὅταν
1551 1164 1764 1238 ἀκούσῃ
1783 1163 1909 1220 ὑπι-

242 1251 624 1320 σχνουμένων·
646 1247 784 1304 ἄλλα
805 1252 984 1320 λέγειν
1003 1257 1172 1305 οἰέται
1194 1253 1310 1304 δεῖν
1330 1261 1506 1304 ποιεῖν
1529 1249 1759 1313 δεινούς.

381 1337 507 1386 ΣΩ.
566 1330 704 1387 Οὐδ’
737 1332 845 1403 ἄρα
877 1335 963 1388 σοὶ
995 1336 1260 1387 δοκοῦσιν
1291 1334 1347 1385 oc
1373 1333 1627 1400 σοφισταὶ
1648 1331 1908 1388 διδάσκα-

241 1418 327 1468 λοι
348 1411 515 1479 εἷναι;

379 1501 565 1551 ΜΕΝ.
627 1495 745 1552 Οὐκ
776 1502 877 1567 ἔχω
906 1500 1111 1567 λέγειν,
1153 1489 1195 1550 ὦ
1215 1494 1522 1566 Σώκρατες.
1567 1495 1782 1566 καὶγὰρ
1809 1494 1910 1551 αὐ-

237 1573 331 1640 τὸς
353 1574 487 1645 ὅπερ
506 1579 563 1632 οἱ
575 1580 767 1634 πολλοὶ
796 1579 1074 1634 πέπονθα·
1107 1579 1226 1633 τοτὲ
1251 1580 1351 1649 μέν
1376 1601 1468 1650 μοι
1497 1582 1752 1649 δοκοῦσι,
1790 1582 1910 1634 τοτὲ

240 1661 299 1713 δὲ
335 1659 417 1713 οὔ.

381 1747 502 1797 ΣΩ.
564 1741 744 1798 Οἶσθα
774 1744 832 1798 δὲ
861 1742 945 1799 ὅτι
973 1743 1041 1799 οὐ
1072 1743 1247 1815 μόνον
1277 1749 1369 1799 σοί
1391 1764 1448 1799 τε
1477 1745 1567 1799 καὶ
1595 1755 1706 1808 τοῖς
1724 1742 1907 1808 ἄλλοις

174 1837 208 1876 D
240 1834 353 1887 τοῖς
371 1830 663 1888 πολιτικοῖς
681 1831 842 1879 τοῦτο
866 1829 1022 1881 δοκεῖ
1032 1826 1152 1882 τοτὲ
1171 1824 1272 1896 μὲν
1302 1824 1440 1882 εἶναι
1470 1826 1753 1894 διδακτόν,
1789 1826 1910 1881 τοτὲ

241 1908 274 1959 δ
286 1901 297 1923 ²
328 1904 398 1961 οὔ
411 1947 425 1976 ,
466 1903 605 1961 ἄλλα
637 1908 727 1962 καὶ
757 1908 993 1977 Θέογνιν
1021 1907 1122 1963 τόν
1159 1906 1390 1979 ποιητὴν
1427 1905 1577 1962 οἷσθ’
1617 1905 1702 1962 ὅτι
1736 1906 1907 1963 ταύτὰ
1960 1922 1962 1983 ᾗ

238 1994 410 2044 ταῦτα
430 1990 599 2058 λέγει;

381 2077 566 2126 ΜΕΝ.
618 2070 706 2127 Ἐν
727 2077 901 2136 ποίοις
921 2075 1135 2139 ἔπεσιν;

378 2161 604 2213 XXXVI.
675 2160 798 2211 ΣΩ.
849 2152 939 2210 Ἐν
958 2166 1071 2219 τοῖς
1090 2157 1368 2227 ἐλεγείοις,
1389 2148 1459 2210 οὗ
1478 2159 1620 2226 λέγει

407 2239 497 2292 καὶ
517 2235 663 2307 παρὰ
683 2247 861 2293 τοῖσιν
879 2248 1001 2293 πῖνε
1020 2238 1112 2293 καὶ
1131 2241 1283 2293 ἔσθιε
1296 2280 1311 2307 ,
1333 2238 1423 2293 καὶ
1444 2236 1578 2308 μετὰ
1596 2248 1771 2293 τοῖσιν

477 2323 582 2390 ἵζε,
604 2320 694 2375 καὶ
714 2318 920 2375 ἅνδανε
940 2330 1078 2390 τοῖς,
1101 2312 1181 2374 οἷν
1199 2319 1406 2391 μεγάλη
1428 2319 1672 2391 δύναμις.

408 2402 629 2456 ἐσθλῶν
646 2401 748 2471 μὲν
765 2399 872 2471 γὰρ
893 2399 982 2457 ἄπ’
1003 2400 1176 2457 ἐσθλὰ
1198 2402 1462 2468 διδάξεαι·
1482 2398 1555 2473 ἦν
1577 2404 1636 2458 δὲ
1656 2413 1905 2458 κακοῖσιν

180 2497 210 2536 Ε
481 2487 813 2556 συμμίσγῃς,
835 2481 1053 2548 ἀπολεῖς
1071 2486 1162 2540 καὶ
1179 2483 1279 2539 τὸν
1298 2484 1460 2540 ἐόντα
1477 2484 1627 2540 νόον.

239 2563 392 2622 οἷσθ’
421 2561 508 2619 ὅτι
536 2564 596 2619 ἐν
626 2565 842 2630 τούτοις
870 2566 972 2636 μὲν
1003 2563 1076 2631 ὥς
1106 2560 1368 2621 διδακτοῦ
1398 2563 1567 2636 οὔσης
1594 2571 1689 2637 τῆς
1708 2563 1906 2636 ἀρετῆς
1941 2602 1945 2631 ,

239 2648 410 2715 λέγει;

372 2735 559 2806 ΜΕΝ.
615 2735 879 2785 Φαίνεταί
896 2752 975 2801 γε.

379 2818 504 2868 ΣΩ.
555 2810 645 2867 Ἐν
666 2811 848 2878 ἄλλοις
868 2816 930 2869 δέ
945 2835 1007 2884 γε
1025 2811 1214 2885 ὀλίγον
1231 2812 1495 2886 μεταβοῖς,
