1962 3112
196 148 302 199 430
810 146 1284 194 ΠΛΑΤΩΝΟΣ
1812 124 1874 198 ’68

86 303 170 347 536
203 283 368 353 μέσος
397 281 468 336 σὺ
499 278 528 336 ὁ
550 277 808 352 ῥαψῳδὸς
836 280 928 333 καὶ
953 276 1278 350 ὑποκριτής,
1320 276 1349 332 ὃ
1381 279 1438 335 δὲ
1468 286 1684 348 πρῶτος
1708 279 1875 345 αὐτὸς

200 360 230 418 ὁ
251 362 476 433 ποιητής
489 383 499 393 ·
537 360 566 417 ὁ
591 361 649 417 δὲ
669 358 802 424 θεὸς
822 358 910 414 διὰ
929 360 1156 415 πάντων
1174 359 1389 425 τούτων
1405 363 1547 416 ἕλκει
1566 361 1668 431 τὴν
1688 359 1874 432 ψυχὴν

202 443 329 500 ὅποι
349 441 420 498 ἂν
438 442 704 514 βούληται
721 449 834 496 τῶν
855 439 1203 510 ἀνθρώπων,
1241 441 1666 511 ἀνακρεμαννύς
1697 445 1749 507 ἐξ
1770 442 1871 497 ἄλ·-

199 528 385 598 λήλων
403 523 507 596 τὴν
527 526 784 594 δύναμιν.
833 525 923 579 καὶ
954 523 1136 593 ὥσπερ
1159 525 1218 578 ἐκ
1249 530 1342 593 τῆς
1362 530 1530 578 λίθου
1545 525 1756 594 ἐκείνης
1774 522 1874 595 ὁρ-

202 607 383 680 μαθός
402 607 693 677 πάμπολυς
722 606 1003 676 ἐξήρτηται
1031 612 1309 674 χορευτῶν
1339 627 1394 658 τε
1415 607 1506 661 καὶ
1527 605 1879 661 διδασκάλων

203 693 295 746 καὶ
329 687 819 758 ὑποδιδασκάλων,
860 689 918 741 ἐκ
949 692 1187 756 πλαγίου
1216 689 1596 757 ἐξηρτημένων
1631 694 1744 742 τῶν
1780 693 1879 757 τῆς

202 773 442 841 Μούσης
462 773 881 841 ἐκκρεμαμένων
905 773 1226 824 δακτυλίων.
1282 771 1371 823 καὶ
1402 766 1430 823 ὁ
1461 770 1562 839 μὲν
1580 775 1693 824 τῶν
1712 789 1875 838 ποιη-

201 861 315 910 τῶν
345 856 397 918 ἐξ
428 851 595 922 ἄλλης
621 851 876 922 Μούσης,
916 849 944 906 ὁ
969 853 1027 906 δὲ
1057 853 1111 916 ἐξ
1132 849 1296 921 ἄλλης
1316 851 1623 921 ἐξήρτηται·
1664 848 1874 919 ὀνομά-

141 959 171 998 B
204 941 365 1006 ζομεν
387 933 446 989 δὲ
468 931 602 988 αύτὸ
622 935 923 1003 κατέχεται·
965 930 1022 987 τὸ
1044 934 1108 986 δέ
1122 933 1235 986 ἐστι
1254 930 1640 1002 παραπλήσιον
1654 953 1664 963 ·
1703 936 1873 1000 ἔχεται

200 1016 307 1087 γάρ
323 1038 333 1048 ·
356 1019 415 1071 ἐκ
435 1016 492 1070 δὲ
512 1015 730 1069 τούτων
752 1020 864 1068 τῶν
883 1012 1118 1115 πρώτων
1138 1017 1464 1083 δακτυλίων,
1479 1020 1592 1067 τῶν
1611 1019 1871 1083 ποιητῶν,

202 1098 360 1154 ἄλλοι
378 1102 432 1163 ἐξ
454 1098 626 1153 ἄλλου
646 1119 719 1152 αυ
728 1096 1034 1202 ἠρτημένοι
1053 1097 1153 1151 είσὶ
1174 1097 1261 1151 καὶ
1291 1095 1780 1164 ἐνθουσιάζουσιν,
1821 1097 1877 1149 οι

200 1202 301 1252 μεν
321 1183 373 1244 ἐξ
396 1177 665 1249 Ὀρφέως,
688 1200 738 1233 οι
728 1179 818 1234 ’δε
841 1181 900 1233 ἐκ
916 1182 1241 1233 Μουσαίου·
1281 1200 1331 1232 οι
1320 1178 1411 1233 ’δε
1432 1179 1624 1232 πολλοὶ
1646 1180 1696 1241 ἐξ
1712 1175 1874 1246 Ὁμή-

202 1283 306 1331 ρου
325 1263 648 1331 κατέχονταί
661 1283 717 1315 τε
737 1263 828 1316 καὶ
849 1265 1075 1330 ἔχονται
1137 1252 1216 1314 ὦν
1237 1261 1336 1330 σύ,
1369 1283 1409 1314 ω
1436 1257 1590 1328 Ἴων,
1625 1255 1699 1322 εἷς
1721 1257 1767 1313 εἶ
1785 1258 1872 1312 καὶ

201 1346 412 1413 κατέχει
439 1346 491 1408 ἐξ
501 1341 773 1413 Ομήρου,
814 1343 904 1397 καὶ
925 1340 1147 1396 ἐπειδαν
1167 1345 1270 1412 μέν
1294 1364 1374 1406 τις
1403 1339 1575 1396 ἄλλου
1594 1363 1693 1396 του
1713 1361 1870 1410 ποιη·

200 1431 304 1481 τοῦ
324 1424 431 1498 ᾄδῃ
445 1467 458 1493 ,
491 1426 784 1487 καθεύδεις
802 1445 859 1478 τε
881 1424 970 1478 καὶ
989 1421 1211 1491 ἀπορεῖς
1231 1421 1265 1477 ὅ
1284 1446 1334 1478 τι
1352 1425 1538 1495 λέγῃς,
1572 1419 1797 1478 ἐπειδᾶν
1816 1420 1875 1476 δὲ

201 1507 406 1562 τούτου
425 1512 527 1561 τοῦ
546 1513 780 1576 ποιητοῦ
800 1508 1108 1575 φθέγξηταί
1121 1527 1202 1569 τις
1220 1508 1407 1575 μέλος,
1442 1502 1618 1568 εὐθὺς
1639 1504 1873 1574 ἐγρήγο-

142 1606 170 1646 c
205 1612 302 1658 ρας
332 1590 422 1643 καὶ
450 1586 689 1658 ὀρχειταί
715 1605 818 1642 σου
850 1584 884 1657 ἡ
920 1586 1064 1657 ψυχὴ
1084 1590 1173 1642 καὶ
1195 1586 1446 1656 εὐπορεῖς
1466 1584 1498 1640 ὅ
1519 1609 1570 1640 τι
1589 1588 1771 1683 λέγῃς·
1806 1581 1875 1638 οὐ

203 1692 308 1739 γαρ
338 1673 498 1742 τέχνῃ
529 1667 652 1724 οὐδ’
685 1670 951 1741 ἐπιστήμη
982 1671 1104 1736 περὶ
1133 1667 1378 1765 Ὁμήρου
1414 1672 1589 1737 λέγεις
1619 1664 1655 1721 ὁὶ
1683 1670 1874 1736 λέγεις,

204 1749 343 1806 ἀλλα
362 1757 489 1806 θεία
509 1757 676 1823 μοίρα
707 1753 796 1806 καὶ
816 1756 1128 1821 κατοκωχῇ·
1166 1748 1350 1817 ω’σπερ
1380 1771 1430 1803 οι
1459 1753 1875 1819 κορυβαντιων-

203 1853 289 1894 τες
311 1834 526 1886 ἐκείνου
545 1833 616 1902 μό
620 1854 723 1886 νου
743 1832 1108 1886 αἰσθάνονται
1126 1839 1227 1886 τοῦ
1246 1833 1445 1901 μέλους
1474 1829 1663 1900 ὀξέως,
1694 1828 1726 1884 ὃ
1749 1826 1819 1884 ἂν
1838 1824 1875 1901 ᾗ

205 1918 306 1966 τοῦ
325 1919 468 1967 θεοῦ
491 1912 586 1978 ἐξ
565 1912 698 1968 ότου
718 1910 788 1967 ἂν
809 1917 1169 1982 κατέχωνται,
1210 1915 1301 1968 καὶ
1331 1919 1407 1977 εἰς
1431 1917 1605 1968 ἐκεῖνο
1627 1911 1686 1966 τὸ
1713 1914 1874 1981 μέλος

203 1997 292 2050 καὶ
314 1994 605 2065 σχημάτων
625 1997 715 2050 καὶ
735 1995 994 2066 ρημοὶτων
1015 1993 1346 2063 εὐποροῦσι,
1379 2018 1491 2050 των
1521 1995 1578 2049 δὲ
1599 1993 1784 2048 α’λλων
1804 1994 1873 2048 ού

207 2081 620 2147 φροντίζουσιν·
674 2077 821 2132 οὕτω
841 2078 931 2131 καὶ
953 2077 1053 2146 σύ,
1095 2080 1136 2132 ὦ
1163 2076 1319 2145 Ἴων,
1364 2077 1487 2144 περὶ
1516 2098 1616 2146 μεν
1636 2073 1879 2145 Ὁμήρου
1954 2085 1957 2116 ³

207 2156 343 2213 ὅταν
361 2180 442 2222 τις
462 2166 715 2230 μνησθῇ,
748 2157 1028 2229 εὐπορεῖς,
1060 2161 1183 2227 περὶ
1205 2161 1262 2214 δὲ
1292 2181 1404 2213 των
1427 2157 1609 2213 ἄλλων
1629 2155 1875 2226 ἀπορεῖς·

146 2256 176 2295 D
207 2240 410 2295 τούτου
440 2238 487 2295 δ’
522 2242 633 2295 ἐστὶ
666 2239 727 2295 τὸ
762 2249 965 2310 αἴτιον,
1006 2239 1040 2294 δ’
1067 2239 1116 2310 μ’
1148 2243 1380 2312 ἐρωτᾷς,
1417 2238 1479 2294 δι’
1513 2239 1546 2292 ὅ
1575 2262 1626 2294 τι
1653 2237 1724 2293 σύ
1755 2241 1878 2308 περὶ

205 2320 308 2390 μὲν
322 2319 563 2390 Ὁμήρου
583 2320 853 2392 εὐπορεϊς,
867 2325 990 2389 περὶ
1012 2322 1070 2377 δὲ
1087 2329 1200 2376 τῶν
1221 2321 1406 2377 ἄλλων
1426 2322 1513 2392 οὔ,
1527 2321 1610 2376 ὅτι
1629 2320 1698 2376 οὐ
1717 2324 1879 2392 τέχνῃ

205 2399 344 2456 ἀλλὰ
363 2408 492 2475 θείᾳ
511 2409 677 2476 μοίρᾳ
691 2403 932 2475 Ὁμήρου
953 2403 1132 2469 δεινὸς
1155 2403 1204 2459 εἷ
1221 2406 1518 2474 ἐπαινέτης.

346 2490 710 2542 V111.152N.
762 2486 852 2543 Συ
871 2510 974 2550 μεν
992 2510 1054 2542 ευ
1075 2491 1274 2558 λέγεις,
1307 2510 1349 2542 ω
1372 2488 1710 2556 Σώκρατες·
1727 2493 1876 2540 θαυ-

176 2567 420 2652 μαζοιμι
449 2558 594 2635 μέντ’
617 2565 689 2623 ἄν
718 2575 770 2624 εἰ
799 2568 975 2634 οὕτως
1005 2573 1069 2625 εὐ
1090 2579 1287 2638 εἴποις,
1312 2570 1451 2626 ω’στε
1479 2592 1545 2641 με
1564 2568 1873 2639 ἀναπεῖσαι,

206 2669 281 2712 ως
300 2647 405 2717 ε’γω
427 2650 789 2720 κατεχόμενος
808 2653 899 2707 καὶ
919 2652 1252 2723 μαινόμενος
1269 2653 1515 2753 Όμηρον
1535 2654 1754 2706 ἐπαινῶ.
1793 2649 1876 2706 οἶ-
1936 2679 1941 2715 j

202 2752 300 2800 μαι
331 2730 389 2785 δε
419 2729 546 2785 οὐδ’
581 2728 652 2787 ἀν
683 2736 769 2789 σοὶ
811 2734 1056 2805 δόξαιμι,
1100 2743 1154 2791 εἴ
1175 2756 1285 2805 μου
1319 2733 1582 2797 ἀκούσαις
1619 2736 1875 2803 λέγοντος
1934 2730 1942 2798 J

201 2813 324 2882 περὶ
334 2810 593 2885 Ὁμήρου.
1936 2816 1942 2840 ”

1954 2119 1956 2174 ῑ

1951 2179 1956 2279 ἒ

1949 2283 1954 2407 1

1946 2464 1951 2539 1
