1962 3112
153 135 212 183 ⁴19
803 129 1176 178 ΓΟΡΓΙΑΣ.
1730 127 1835 182 277

292 268 463 320 ΚΑΛ.
521 267 683 334 Φημί.

292 350 419 403 ΣΩ.
466 338 585 414 Ao'
605 338 712 401 οὖν
726 343 823 409 τὰς
838 343 1060 399 τοιάσδε
1078 346 1270 413 λέγεις,
1291 339 1413 400 οἷον
1431 343 1568 400 κατὰ
1589 343 1650 401 τὸ
1675 353 1834 418 σωμα

154 425 217 493 ἃς
238 434 347 484 νῦν
367 426 434 499 δὴ
464 430 722 499 ἐλέγομεν
749 428 812 483 ἐν
839 430 915 500 τῷ
935 426 1144 481 ἐσθίειν
1162 427 1252 482 καὶ
1270 430 1451 483 πίνειν
1467 423 1705 498 ἡδονάςς
1746 433 1832 499 [εἰ]

153 531 262 580 αρα
296 511 512 566 τούτων
547 514 610 566 αἰ
639 511 744 582 μὲν
787 507 1004 580 ὑγίειαν
1031 513 1291 563 ποιοῦσαι
1326 511 1388 565 ἐν
1423 515 1502 583 τῷ
1538 509 1765 581 σώματι,
1795 506 1835 581 ἢ

155 589 373 662 ἰσχύν’“
336 615 369 663 η
391 592 567 664 ἄλλην
585 591 709 648 τινὰ
729 589 935 662 ἀρετὴν
950 596 1052 646 τοῦ
1073 591 1325 661 σώματος
1335 633 1352 661 ,
1390 584 1554 647 αὗται
1572 590 1725 663 μὲν’
1692 614 1833 662 αγα-

159 681 283 745 θαί,
303 679 364 731 αἱ
379 676 439 731 δὲ
455 674 720 731 τάναντία
740 674 956 730 τούτων
974 678 1161 740 κακαί;

294 763 470 814 ΚΑΛ.
523 757 689 812 Πάνυ
706 778 784 828 γε.

295 845 422 895 ΣΩ.
476 837 707 895 Οὐκοῦν
724 841 815 895 καὶ
833 845 1003 895 λῦπαι
1026 836 1287 903 ὡσαύτως
1306 843 1367 895 αἱ
1382 841 1484 910 μὲν
1499 847 1730 912 χρησταί
1753 846 1831 897 εἰ-
1861 853 1894 894 Ε

157 939 244 978 σιν
257 964 273 991 ,
294 925 356 978 αἰ
373 922 433 977 δὲ
450 928 694 993 πονηραί
700 946 715 989 ;

291 1009 464 1061 ΚΑΛ.
520 1010 652 1069 Πῶς
669 1002 775 1075 γὰρ
793 1002 863 1059 οὔ
873 1028 888 1071 ;

291 1092 419 1143 ΣΩ.
473 1084 703 1142 Οὐκοῦν
720 1086 816 1151 τὰς
834 1086 937 1157 μὲν
954 1087 1191 1159 χρηστὰς
1209 1088 1300 1142 καὶ
1320 1083 1525 1158 ἡδονὰς
1545 1089 1635 1144 καὶ
1653 1087 1834 1154 λύπας

158 1171 245 1227 καὶ
264 1171 511 1240 αἱρετέον
530 1171 642 1226 ἐστὶ
661 1171 753 1224 καὶ
772 1171 1077 1240 πρακτέον;

288 1257 460 1308 ΚΑΛ.
517 1252 683 1307 Πάνυ
702 1273 779 1322 γε.

293 1339 419 1390 ΣΩ.
483 1332 596 1399 Τὰς
614 1334 674 1389 δὲ
693 1333 941 1406 πονηρὰς
962 1334 1061 1403 οὕς

290 1422 462 1474 ΚΑΛ.
519 1423 713 1488 Δῆλον
732 1418 817 1488 δή.

291 1505 415 1556 ΣΩ.
452 1497 651 1556 Ἕνεκα
670 1500 777 1571 γάρ
794 1520 905 1556 που
918 1506 1033 1556 τῶν
1051 1498 1284 1571 ἀγαθῶν
1296 1499 1515 1557 ἅπαντα
1532 1498 1664 1572 ἡμῖν
1682 1503 1833 1566 ἔδοξε

155 1585 432 1653 πρακτέον
452 1580 618 1651 εἶναι,
657 1587 708 1638 εἰ
722 1582 1111 1654 μνημονεύεις,
1151 1586 1276 1655 ἐμοί
1298 1606 1356 1639 τε
1377 1585 1467 1640 καὶ
1484 1584 1680 1655 Πωλςο.
1721 1576 1830 1653 ἆρα

153 1667 246 1722 καὶ
265 1668 352 1722 σοὶ
370 1669 635 1722 συνδοκεῖ
647 1664 794 1721 οὕτω
807 1707 822 1735 ,
860 1668 1011 1731 τέλος
1039 1665 1179 1723 εἶναι
1196 1665 1430 1724 ἁπασῶν
1448 1673 1562 1723 τῶν
1578 1666 1832 1736 πράξεων

153 1748 213 1804 τὸ
236 1746 484 1819 ἀγαθόν,
523 1749 616 1804 καὶ
645 1751 860 1805 ἐκείνου
890 1750 1079 1806 ἕνεκεν
1110 1752 1228 1805 δεῖν
1257 1749 1437 1805 πάντα
1466 1743 1637 1805 τᾶλλα
1656 1748 1834 1819 πράτ-

154 1838 376 1900 τεσθαι,
414 1828 536 1887 ἀλλ’
570 1828 674 1886 οὐκ
705 1833 880 1887 ἐκεῖνο
910 1837 1023 1887 τῶν
1053 1829 1264 1899 ἅλλων;
1304 1831 1604 1904 σύμψηφος
1630 1829 1761 1903 ἡμῖν
1791 1829 1842 1887 εἶ
1863 1836 1950 1895 5oe

154 1913 335 1970 καὶσὺ
354 1916 412 1970 ἐκ
432 1918 656 1984 τρίτωνς

288 2001 460 2052 ΚΑΛ.
498 1994 724 2066 ’Ἔᾼιωγέ

289 2083 415 2134 ΣΩ.
476 2084 603 2134 Τω”ν
631 2075 868 2148 α’γαθῶν
896 2078 1004 2148 ἄρα
1032 2081 1194 2136 ἕνεκα
1227 2084 1314 2136 δεῖ
1337 2082 1429 2136 καὶ
1456 2073 1627 2137 τᾶλλα
1655 2081 1748 2137 καὶ
1766 2079 1831 2135 τοὶ

152 2158 287 2231 ἡδέα
307 2161 595 2230 πράττειν,
620 2158 744 2217 ἀλλ’
768 2159 838 2217 ού
856 2160 1077 2234 τάγαθὰ
1097 2169 1211 2219 τοῖν
1228 2161 1424 2235 ἡδέων.

291 2247 462 2299 ΚΑΛ.
518 2243 682 2299 Πάνυ
698 2265 776 2314 γε.

295 2331 419 2382 ΣΩ.
484 2320 596 2396 Ἆρ’
648 2320 754 2382 οὖν
800 2328 1007 2393 παντὸς
1055 2325 1261 2398 ἀνδρός
1301 2330 1467 2384 ἐστιν·
1486 2329 1831 2398 ἐκλέξασθαι,

67 2460 74 2469 ,
153 2420 282 2465 ποτα
302 2408 488 2478 ἀγαθὰ
510 2416 622 2464 τῶν
647 2408 826 2481 ἡδέων
854 2412 965 2467 ἐστὶ
994 2413 1085 2467 καὶ
1113 2409 1274 2467 ὁποῖα
1304 2411 1473 2483 κακά,
1512 2407 1551 2483 ἦ
1580 2418 1834 2482 τεχνικοῦ

157 2494 244 2548 δεῖ
258 2496 332 2556 εἰς
351 2493 611 2555 ἕκαστονς

289 2579 463 2630 ΚΑΛ.
526 2580 807 2644 Τεχνικοῦ.

293 2662 403 2714 LV.
477 2662 601 2713 ΣΩ.
656 2655 1127 2730 Ἀναμνησθῶμεν
1144 2658 1210 2732 δὴ
1233 2652 1314 2715 ὦν
1332 2652 1407 2715 αὖ
1424 2657 1529 2731 ἐγώ
1554 2660 1835 2731 πρόςΠοῖ-

67 2803 76 2816 ⁸
156 2744 257 2793 λον
275 2739 366 2794 καὶ
387 2743 628 2810 Γοργίαν
647 2740 952 2812 ἐτύγχανον
981 2744 1172 2811 λέγων.
1215 2746 1407 2812 ἔλεγον
1434 2743 1573 2813 γαρ,
1617 2753 1665 2799 εἰ
1693 2763 1835 2813 μνη-

51 2865 70 2918 'r
153 2820 433 2892 μονεύεις,
465 2820 550 2877 ὅτι
571 2821 681 2879 εἷεν
701 2827 1044 2892 παρασκευαὶ
1065 2827 1126 2880 αἰ
1138 2823 1240 2896 μὲν
1259 2827 1415 2897 μέχρι
1432 2823 1666 2897 ἡδονῆς,
1698 2822 1832 2880 αὐτὸ
1869 2843 1899 2883 Β
