2020 3094
486 0 708 36 ...J-,AWQ
722 0 948 19 ..*.‚.-„-,.7.,.„
1105 4 1110 13 «

38 72 123 159 ⁷25
359 142 362 145 -
635 107 1175 156 ΕΤΘΥΔΗΜΟΣ.
1639 103 1739 157 113

65 243 367 311 γεωμέτραι
394 241 486 296 καὶ
515 243 571 295 οἶ
595 239 926 311 α’στρονόμοι
945 242 1034 295 καὶ
1053 241 1110 295 οἰ
1122 246 1426 310 λογιστικοί
1440 272 1511 280 -
1528 246 1739 310 θηρευ-

67 322 206 376 τικοὶ
236 320 343 391 γάρ
372 324 476 376 εἰσι
498 314 765 376 καὶοῦτοι
779 343 789 352 ·
821 319 890 376 οὐ
910 322 1016 391 γὰρ
1036 327 1255 376 ποιοῦσι
1268 319 1336 376 τὰ
1356 319 1737 391 διαγράμματα
1768 329 1801 371 C

68 403 287 456 ἕκαστοι
305 401 522 456 τούτων
536 445 551 471 ,
589 399 727 457 ἀλλὰ
747 399 812 456 τὰ
834 402 966 459 ὄντα
986 400 1413 472 ἀνευρίσκουσιν
1426 433 1500 447 —
1518 401 1611 457 ἅτε
1633 395 1739 457 οὖν

67 489 308 554 χρῆσθαι
328 484 513 549 αὐτοῖς
533 485 635 540 οὐκ
655 486 1032 556 ἐπιστάμενοι,
1074 483 1212 541 ἄλλα
1240 491 1516 557 θηρεῦσαι
1544 484 1737 556 μόνον,

67 566 430 632 παραδιδόασι
451 567 631 637 δήπου
650 578 762 631 τοῖς
781 570 1135 631 διαλεκτικοῖς
1156 574 1535 637 καταχρῆσθαι
1554 563 1741 621 αὐτων

66 657 177 711 τοῖς
206 645 539 717 εὑρήμασιν,
578 646 700 702 ὅσοι
723 669 786 718 γε
817 646 1002 703 αὐτῶν
1033 646 1106 719 μὴ
1135 649 1484 703 παντάπασιν
1516 646 1745 718 ἀνόητοί

66 731 217 782 εἰσιν.
254 727 404 798 Εἶεν,
426 721 498 799 ἦν
514 727 565 782 δ’
589 730 713 799 ἐγώ,
738 732 780 784 ὠ
799 730 1051 785 κάλλιστε
1070 732 1158 785 καὶ
1179 730 1464 800 σοφώτατε
1482 734 1739 785 Κλεινία·

63 814 230 864 τοῦτο
264 808 440 875 οὕτως
469 815 601 880 ἒχει;
640 811 804 866 Πανυ
831 812 933 883 μὲν
961 805 1092 867 οὖν’
1132 815 1223 867 καὶ
1249 814 1305 866 οἵ
1329 832 1391 882 γε
1427 818 1738 881 στρατηγοί,

65 896 199 986 ἔφη,
240 889 388 946 οὕτω
407 890 508 946 τὸν
529 891 703 948 αὐτὸν
729 894 939 964 τρόπον
952 935 966 962 ,
1006 890 1286 948 ἐπειδάν’“
1250 915 1284 963 η
1307 893 1468 948 πόλιν
1488 891 1611 948 τινὰ
1631 900 1742 963 θη-

67 972 373 1040 ρεύσωνται
402 969 439 1045 ἦ
460 974 860 1043 στρατόπεδον,
907 975 1275 1044 παραδιδόασι
1302 987 1414 1040 τοῖς
1443 982 1740 1038 πολιτικοῖς
1772 983 1806 1022 D

64 1052 364 1125 ἀνδράσιν·
405 1054 560 1113 αὐτοὶ
579 1059 686 1128 γὰρ
707 1056 811 1113 οὐκ
831 1060 1144 1113 ἐπίστανται
1163 1063 1405 1129 χρῆσθαι
1422 1057 1738 1128 τούτοις,α

62 1136 410 1234 ἐθήρευσαν·
442 1137 653 1210 ὥσπερ,
691 1138 868 1211 οἶμαι,
906 1142 963 1195 οἰ
977 1137 1356 1211 ὀρτυγοθῆραι
1374 1150 1486 1204 τοῖς
1505 1136 1732 1209 ὀρτυγο-

63 1218 292 1289 τρόφοις
312 1221 727 1288 παραδιδόασιν.
765 1226 815 1278 εἰ
832 1215 962 1292 οὖν,
1001 1215 1038 1293 ἦ
1058 1219 1110 1276 δ’
1135 1220 1223 1292 ὃς,
1266 1220 1508 1291 δεόμεθα
1531 1222 1740 1290 ἐκείνης

62 1306 159 1371 τῆς
186 1302 407 1372 τέχνης,
444 1300 563 1373 ἥτις
591 1296 638 1373 ᾦ
665 1298 736 1358 ἄν
766 1303 1028 1374 κτήσηται
1046 1299 1082 1374 ἢ
1102 1303 1378 1374 ποιήσασα
1395 1299 1432 1373 ἢ
1452 1310 1737 1373 θηρευσα-

28 1442 29 1450 ¹
62 1385 200 1453 μένη
221 1381 358 1454 αι’·τὴ
376 1385 466 1440 καὶ
481 1383 824 1455 ἐπιστήσεται
839 1391 1098 1456 χρῆσθαι,
1120 1387 1210 1441 καὶ
1229 1383 1263 1456 ἡ
1283 1383 1507 1455 τοιαύτη
1525 1384 1740 1455 ποιήσει

27 1511 29 1546 ἐ
66 1461 208 1534 ἡμᾶς
224 1470 555 1535 μακαρίους,
592 1465 765 1537 ἄλλην
786 1466 853 1537 δή
882 1489 1031 1537 τινα,
1060 1470 1192 1538 ἔφη,
1232 1467 1486 1537 ζητητέον
1505 1461 1627 1520 ἀντὶ
1645 1469 1741 1535 τῆς

61 1552 436 1618 στρατηγικῆς.

201 1633 380 1685 XVIII.
454 1634 561 1685 KP.
625 1636 693 1685 Τί
715 1634 887 1701 λέγεις
907 1631 1006 1700 σύ,
1048 1624 1091 1684 ὦ
1122 1629 1441 1699 Σώκρατεςς
1478 1630 1653 1684 ἐκεῖνο
1675 1624 1735 1684 τὸ
1767 1643 1801 1683 E

61 1710 348 1781 μειράκιον
365 1709 574 1766 τοιαῦτ’
598 1714 904 1782 ἐφθέγξατο
919 1737 934 1779 ;

202 1798 327 1848 ΣΩ.
392 1791 512 1849 Οὐκ
536 1802 667 1862 οῐει,
691 1787 738 1849 ὦ
756 1800 1002 1865 Κρίτων;

205 1879 314 1930 KP.
366 1874 468 1930 Μὰ
489 1873 585 1931 Δί’
627 1874 695 1931 οὐ
729 1879 933 1947 μέντοι.
976 1875 1124 1947 οἶμαι
1160 1873 1267 1946 γὰρ
1305 1873 1482 1931 αὐτὸν
1516 1875 1624 1945 ἐγώ
1638 1917 1652 1946 ,
1692 1879 1741 1929 εἰ

64 1955 220 2012 ταῦτ’
258 1955 438 2028 εἶπεν,
478 1956 599 2013 οὔτ’
638 1956 989 2029 Εὐθυδήμου
1026 1956 1155 2013 οὔτε
1191 1955 1366 2013 ἄλλου
1396 1955 1629 2022 οὐδενὸς
1657 1951 1732 2013 ἔτ’

62 2034 373 2107 ἀνθρώπου
396 2043 615 2097 δεῖσθαι
634 2046 710 2106 εἰς
729 2044 996 2096 παιδείαν.

203 2126 328 2177 ΣΩ.
382 2120 523 2178 Ἀλλ’
546 2121 681 2194 ἄρα,
714 2117 758 2179 ὦ
779 2122 919 2192 πρὸς
937 2123 1101 2193 Διός,
1131 2120 1205 2194 μὴ
1226 2119 1255 2177 ὁ
1278 2121 1598 2193 Κτήσιππος
1617 2113 1690 2192 ἦν
1707 2120 1736 2175 ὁ

62 2199 219 2259 ταῦτ’
241 2203 440 2271 εἰπών,
459 2201 566 2274 ἐγώ
587 2203 647 2260 δὲ
668 2202 737 2259 οὐ
755 2206 1056 2276 μέμνημαις

204 2290 312 2341 ΚΡ.
367 2291 536 2350 notos
557 2286 902 2358 Κτήσιπποςς
1768 2301 1848 2346 291

202 2372 326 2422 ΣΩ.
380 2365 536 2423 Ἀλλᾶ
558 2366 671 2440 μὴν
688 2369 751 2424 τό
771 2390 833 2439 γε
862 2363 927 2424 εὖ
948 2367 1096 2438 οἶδα,
1138 2366 1223 2422 ὅτι
1251 2366 1379 2423 οὔτε
1405 2366 1740 2439 Εὐθύδημος

61 2446 190 2505 οὔτε
209 2443 693 2519 Διονυσόδωρος
657 2472 730 2522 ην
748 2448 777 2506 ὁ
800 2449 972 2507 εἰπών
990 2456 1187 2505 ταῦτα·
1226 2446 1370 2518 ἀλλ’,
1412 2472 1454 2505 ω
1486 2449 1736 2521 δαιμόνιε

60 2533 326 2629 Κρίτων,
345 2531 422 2603 μή
442 2554 520 2597 τις
538 2539 652 2588 τῶν
670 2533 1005 2601 κρειττόνων
1025 2531 1221 2601 παρών
1240 2529 1379 2587 αὐτὰ
1399 2535 1735 2603 ἐφθέγξατο·
1720 2573 1737 2599 ,

58 2630 144 2666 οτι
164 2610 271 2683 γὰρ
288 2611 504 2685 ἤκουσά
526 2635 586 2684 γε
607 2621 806 2684 ταῦτα,
828 2609 894 2671 εὖ
913 2614 1049 2671 οἶδα.

199 2699 308 2750 ΚΡ.
375 2698 486 2750 Ναὶ
521 2697 596 2766 μὰ
634 2702 772 2765 Διά,
814 2718 854 2751 ω
894 2697 1213 2768 Σώκρατες·
1252 2702 1365 2753 τῶν
1401 2696 1736 2768 κρειττόνων

58 2776 245 2899 pinge
263 2797 343 2841 τις
362 2778 478 2901 ἐιριιῖὶ
503 2780 677 2848 δοκεῖ,
718 2779 806 2834 καὶ
840 2779 983 2834 πολύ
1013 2800 1087 2848 γε.
1129 2775 1266 2833 ἀλλὰ
1299 2776 1433 2848 μετὰ
1463 2784 1626 2835 τοῦτο
1656 2783 1735 2835 ἔτι

234 2866 350 2900 mro
442 2890 452 2900 .
1451 2861 1481 2905 8
