1962 3112
160 125 261 178 170
773 123 1251 172 ΠΛΑΤΩΝΟΣ
1769 131 1827 175 82
1943 88 1958 133 θ’

298 266 459 316 XXV.
540 263 726 313 Ταῦτα
746 256 910 327 ἤρεσε
928 268 1041 321 τοῖς
1060 262 1326 327 παροῦσι,
1365 257 1456 312 καὶ
1473 257 1674 322 πάντες
1693 256 1830 332 ἐπῄ-

156 361 349 414 νεσαν,
379 345 468 398 καὶ
496 343 591 412 ἐμέ
611 362 670 397 τε
689 338 717 396 ὁ
737 346 979 405 Καλλίας
998 339 1102 396 οὐκ
1123 345 1228 411 ἔφη
1247 338 1482 412 ἀφήσειν
1499 343 1589 398 καὶ
1610 343 1828 397 ἑλέσθαι

155 429 375 484 ἐδέοντο
405 423 712 495 ἐπιστάτην.
770 423 928 479 εἷπον
959 418 1063 480 οὖν
1093 425 1200 494 ε’γῶ
1229 423 1313 479 ὅτι
1343 424 1568 495 αἰσχρὸν
1589 435 1669 497 εἴη
1689 433 1830 498 βρα-

161 505 365 581 βευτὴν
384 507 607 562 ἑλέσθαι
627 513 740 562 τῶν
758 506 957 578 λόγων.
1014 514 1120 562 εἴτε
1147 503 1256 576 γὰρ
1286 512 1483 576 χείρων
1504 511 1652 563 ἔσται
1670 507 1829 579 ἡμῶν

161 589 189 646 ὁ
213 593 478 660 αἱρεθείς,
520 586 624 643 οὐκ
655 585 844 656 ὀρθῶς
865 584 937 644 ἂν
956 592 1068 658 ἔχοι
1096 585 1198 642 τόν
1214 591 1376 656 χείρω
1396 593 1510 643 τῶν
1529 587 1830 658 βελτιόνων

161 673 486 738 ἐπιστατεῖν,
516 677 622 725 εἴτε
642 668 847 740 ὅμοιος,
869 666 994 723 οὐδ’
1017 666 1192 732 οὕτως
1212 666 1422 737 ὀρθῶς·
1462 667 1492 722 ὁ
1513 668 1618 738 γὰρ
1642 667 1830 739 ὅμοιος

159 753 293 825 ἡμῖν
311 753 473 824 ὅμοια
492 754 583 809 καὶ
603 751 837 824 ποιήσει,
860 752 1001 808 ῶστε
1020 755 1080 808 ἐκ
1100 756 1360 822 περιττοῦ
1379 748 1653 823 ᾑρήσεται.
1689 748 1827 807 ἀλλὰ

101 853 134 894 c
162 835 230 908 δὴ
250 840 505 908 βελτίονα
523 835 683 907 ἡμῶν
703 836 1019 906 αἱρήσεσθε.
1074 841 1143 907 τῇ
1169 835 1271 905 μὲν
1293 832 1555 906 ἀληθεία,
1597 829 1668 898 ὡς
1690 826 1832 906 ἐγῷ-

159 942 280 990 μαι,
304 916 585 973 ἆδύνατον
609 916 744 988 ὑμῖν
765 916 902 973 ὥστε
920 915 1301 986 Πρωταγόρου
1321 919 1486 971 τοῦδε
1506 914 1832 986 σοφῶτερόν

160 1023 285 1056 τινα
308 1002 557 1055 ἑλέσθαι·
595 1004 644 1054 εἰ
661 998 719 1053 δὲ
738 999 1037 1070 αἱρήσεσθε
1058 999 1160 1069 μὲν
1179 997 1350 1069 μηδὲν
1370 1003 1562 1068 βελτίω
1576 1038 1591 1067 ,
1628 995 1831 1067 φήσετε

161 1084 247 1154 δέ,
287 1080 515 1153 αἰσχρὸν
534 1083 624 1137 καὶ
642 1088 806 1136 τοῦτο
827 1084 967 1155 τῷδε
995 1086 1266 1151 γίγνεται,
1307 1078 1491 1147 ῶσπερ
1513 1078 1710 1151 φαύλῳ
1730 1075 1833 1131 ἀν·-

160 1165 374 1237 θρῶπῳ
404 1162 697 1234 ἐπιστάτην
727 1163 1038 1233 αἱρεῖσθαι,
1072 1164 1186 1218 ἐπεὶ
1213 1163 1275 1217 τό
1305 1159 1349 1232 γ’
1384 1161 1518 1232 ἐμὸν
1548 1159 1712 1215 οὐδέν
1742 1180 1829 1229 μοι

162 1248 424 1316 διαφέρει.
483 1242 597 1299 ἀλλ’
622 1241 824 1299 οὑτωσὶ
846 1248 1019 1300 ἐθέλω
1038 1251 1287 1315 ποιῆσαι,
1305 1241 1374 1298 ἵν’
1396 1241 1427 1298 ὂ
1447 1249 1831 1313 προθυμεῖσθε

161 1331 433 1383 συνουσία
453 1348 511 1381 τε
530 1327 623 1381 καὶ
643 1325 891 1396 διάλογοι
908 1323 1040 1397 ἡμῖν
1059 1332 1357 1396 γίγνωνται
1370 1346 1382 1357 ·
1421 1325 1556 1396 εἰμὴ
1578 1323 1830 1395 βούλεται

97 1418 132 1459 D
163 1407 535 1479 Πρωταγόρας
553 1406 981 1479 ἀποκρίνεσθαι,
1021 1402 1184 1474 οὗτος
1203 1408 1303 1479 μὲν
1323 1408 1604 1478 ἐρωτάτω,
1646 1405 1751 1477 ἐγώ
1776 1404 1829 1461 δὲ

162 1489 598 1561 ἀποκρινοῦμαι,
634 1491 728 1546 καὶ
747 1489 861 1560 ἅμα
881 1490 1213 1563 πειράσομαι
1231 1488 1384 1564 αὐτῷ
1403 1493 1572 1555 δεῖξαι
1586 1531 1598 1555 ,
1633 1485 1706 1552 ῶς
1726 1490 1829 1558 ἐγώ

163 1594 304 1643 φημι
322 1577 522 1642 χρῆναι
541 1569 642 1626 τὸν
661 1568 1107 1643 ἀποκρινόμενον
1136 1570 1541 1642 ἀποκρίνεσθαι
1556 1591 1568 1604 ·
1607 1568 1830 1625 ἐπειδὰν

162 1656 221 1708 δὲ
257 1652 362 1723 ἐγώ
401 1651 783 1724 ἀποκρίνωμαι
809 1651 980 1718 Υὁπόσ’
1000 1650 1072 1709 ἂν
1108 1646 1270 1718 οὗτος
1305 1652 1571 1724 βούληται
1604 1654 1827 1724 ἐρωτᾷν,

162 1734 331 1789 πάλιν
361 1727 525 1798 οὗτος
554 1735 673 1804 ἐμοὶ
709 1735 880 1805 λόγον
910 1733 1192 1806 ὑποσχέτω
1228 1733 1442 1806 ὁμοίως.
1501 1734 1600 1791 ἐὰν
1627 1728 1733 1790 οὖν
1760 1731 1830 1805 μὴ

165 1819 305 1887 δοκῇ
320 1815 614 1886 πρόθυμος
635 1816 775 1872 εἶναι
805 1815 946 1887 πρὸς
966 1815 1103 1872 αὐτὸ
1123 1818 1184 1872 τό
1220 1817 1582 1887 ἐρωτώμενον
1601 1815 1834 1886 ἀποκρί-

164 1905 391 1968 νεσθαι,
429 1900 520 1954 καὶ
549 1896 653 1968 ἐγώ
676 1901 768 1955 καὶ
787 1897 943 1969 ὑμεῖς
966 1907 1129 1971 κοινῇ
1158 1900 1473 1971 δεησόμεθα
1493 1899 1670 1955 αὐτοῦ
1691 1899 1831 1967 ἅπερ

163 1976 315 2049 ὑμεῖς
352 1979 518 2049 ἐμοῦ,
557 1980 631 2050 μὴ
670 1984 1019 2052 διαφθείρειν
1050 1982 1154 2053 τὴν
1174 1987 1503 2037 συνουσίαν·
1543 1982 1634 2037 καὶ
1667 1978 1833 2037 οὐδὲν

99 2081 131 2120 Ε
165 2067 247 2118 δεῖ
273 2062 477 2117 τούτου
507 2065 668 2120 ἕνεκα
697 2066 797 2120 ἕνα
825 2066 1119 2138 ἐπιστάτην
1146 2070 1437 2137 γενέσθαι,
1475 2064 1613 2122 ἀλλὰ
1632 2067 1832 2130 πάντες

162 2150 326 2216 κοινῇ
345 2144 742 2215 ἐπιστατήσετε.
799 2146 977 2203 ἐδόκει
1005 2153 1176 2203 πᾶσιν
1206 2147 1353 2203 οὕτω
1383 2150 1639 2219 ποιητέον
1669 2147 1833 2203 εἶναι·

163 2222 302 2281 καὶὸ
322 2225 700 2296 Πρωταγόρας
720 2226 871 2283 πάνυ
889 2228 990 2298 μὲν
1019 2227 1122 2285 οὐκ
1141 2228 1374 2301 ἤθελεν,
1413 2229 1561 2301 ὅμως
1581 2230 1639 2285 δὲ
1659 2229 1836 2301 ήναγ-

163 2308 350 2378 κάσθη
373 2305 708 2381 ὁμολογῆσαι
726 2310 1050 2382 ἐρωτήσειν,
1081 2314 1172 2368 καὶ
1206 2311 1431 2368 ἐπειδὰν
1466 2315 1669 2376 ἱκανῶς
1696 2314 1835 2382 ἐρω-

161 2389 328 2460 τήσῃ,
386 2389 552 2446 πάλιν
600 2391 802 2447 δῶσειν
848 2393 1020 2463 λόγον
1053 2393 1192 2448 κατὰ
1247 2394 1482 2464 σμικρὸν
1531 2391 1835 2460 ἀποκρινό-

162 2492 341 2540 μενος.

303 2557 486 2633 XJLVI.
547 2552 784 2622 ’Ἠρξατο
808 2550 914 2611 οὖν
931 2558 1144 2630 ἐρωτᾷν
1163 2555 1370 2611 οὑτωσί
1376 2577 1514 2620 πως·
1547 2555 1832 2628 Ἡγοῦμαι,

165 2638 289 2704 ἔφη,
315 2634 355 2687 ῶ
377 2633 699 2706 Σώκρατες,
722 2635 828 2706 ἐγῶ
849 2637 1009 2706 ἀνδρὶ
1028 2642 1276 2702 παιδείας
1297 2639 1555 2709 μέγιστον
1574 2640 1737 2709 μέρος
1758 2638 1836 2694 εἷ-

47 2739 133 2783 339
167 2737 259 2769 ναι
294 2715 419 2783 περὶ
457 2717 606 2771 ἐπῶν
636 2717 822 2772 δεινὸν
847 2718 1013 2774 εἶναι·
1069 2724 1182 2775 ἔστι
1210 2721 1268 2776 δὲ
1296 2726 1458 2774 τοῦτο
1489 2720 1556 2774 τὰ
1580 2718 1689 2775 ὑπό
1721 2727 1833 2776 τῶν

162 2800 407 2865 ποιητῶν
430 2796 699 2867 λεγόμενα
727 2795 849 2854 οἷόν
877 2797 915 2855 τ’
942 2799 1081 2856 εἶναι
1110 2803 1358 2858 συνιέναι
1385 2798 1424 2856 ὅὶ
1451 2823 1508 2856 τε
1529 2799 1717 2868 ὀρθῶς
1735 2823 1842 2859 πεο.
