1962 3112
627 38 630 45 ’
680 30 698 47 ν
860 12 1170 79 ”·”--.Ὗ ”ἷ-’*“ι”’“’·
1194 26 1334 55 .t'‘·'.;'-··⁴

0 118 4 159 ξ
92 165 153 213 87
669 152 1185 208 ΜΕΝΕΞΕΝΟΣ.
1672 150 1777 202 449

97 298 265 364 ἔργον
278 315 290 326 ·
311 295 369 348 οἰ
382 291 486 363 μὲν
502 289 611 362 γὰρ
630 288 839 367 ᾤχοντο
859 288 1141 360 ἀπιόντες,
1163 287 1558 351 καταλιπόντες
1578 291 1776 356 [Βοιω-

96 375 247 445 τούς]
266 369 349 439 οἷς
378 374 689 446 ἐβοήθουν,
729 377 787 429 οἰ
802 372 852 429 δ’
885 370 1138 443 ἡμέτεροι
1154 378 1308 444 τρίτῃ
1325 369 1502 444 ἡμέρᾳ
1521 373 1582 425 ἐν
1604 375 1776 426 Οἰνο-

98 457 297 527 φύτοις
314 455 640 526 νικήσαντες
659 454 790 521 τούς
809 454 1014 520 ἀδίκως
1033 455 1346 526 φεύγοντας
1366 459 1588 518 δικαίως
1605 452 1777 523 κατή-

0 611 2 613 ‚
97 559 290 609 yayov.
340 532 497 595 οὗτοι
542 537 609 610 δὴ
648 547 857 607 πρῶτοι
894 536 1030 610 μετὰ
1065 538 1164 593 τὸν
1198 534 1480 610 Περσικὸν
1516 536 1776 606 πόλεμον,

0 620 7 624 ’
86 621 347 693 Ἕλλησιν
364 621 471 693 ἤδη
495 619 634 692 ὑπὲρ
654 629 751 693 τῆς
767 624 1090 690 ἐλευθερίας
1116 624 1462 692 βοηθοῦντες
1490 617 1630 687 πρὸς
1650 615 1778 675 Ἕλ-

7 762 18 771 ,
103 710 298 775 ληνας,
339 703 538 772 ἄνδρες
556 701 760 773 ἀγαθοὶ
779 703 1070 773 γενόμενοι
1089 703 1180 758 καὶ
1198 700 1678 769 ἐλευθερώσαντες
1698 695 1780 766 οἷς

12 781 27 811 ’·
101 787 411 859 ἐβοήθουν,
449 789 510 841 ἐν
538 789 678 856 τῷδε
707 792 785 860 τῷ
812 785 1053 857 μνήματι
1084 787 1404 857 τιμηθέντες
1433 783 1542 839 ὑπὸ
1564 790 1659 855 τῆς
1677 783 1782 839 πό-
1810 793 1842 836 0

0 869 11 882 '
105 877 240 935 λεως
268 877 476 940 πρῶτοι
517 870 803 940 ἐτέθησαν.
841 868 976 939 μετὰ
1007 873 1067 925 δὲ
1094 877 1267 925 ταῦτα
1291 874 1504 924 πολλοῦ
1534 869 1780 938 πολέμου

103 954 427 1023 γενομένου,
453 951 544 1006 καὶ
563 951 790 1006 πάντων
806 950 1207 1023 τῶνἙλλήνων
1236 949 1782 1020 ἐπιστρατευσάντων

105 1035 197 1089 καὶ
226 1034 509 1105 τεμόντων
536 1031 640 1104 τὴν
667 1033 855 1104 χώραν
876 1037 967 1091 καὶ
997 1035 1227 1101 ἀναξίαν
1255 1035 1417 1106 χάριν
1447 1033 1782 1089 ἐκτινόντων

104 1122 172 1188 τῇ
201 1118 383 1186 πόλει,
423 1117 747 1187 νικήσαντες
784 1115 988 1183 αὐτούς
1022 1124 1297 1191 ναυμαχία
1328 1120 1384 1172 οἱ
1403 1114 1658 1188 ἡμέτεροι
1691 1117 1784 1171 καὶ

10 1208 17 1226 ’·
106 1200 371 1271 λαβόντες
409 1196 596 1255 αὐτῶν
632 1198 762 1264 τοὺς
796 1198 1072 1271 ἡγεμόνας
1109 1204 1582 1271 Λακεδαιμονίους
1616 1200 1678 1253 ἐν
1718 1203 1786 1270 τῇ

9 1284 30 1349 ζ
107 1290 351 1356 Σφαγίᾳ,
373 1280 498 1349 ἐξὸν
517 1281 702 1347 αὐτοῖς
733 1285 1056 1354 διαφθεῖραι
1084 1289 1374 1356 ἐφείσαντο
1394 1283 1485 1338 καὶ
1504 1279 1786 1336 ἀπέδοσαν

11 1394 20 1445 ·.'
106 1367 197 1420 καὶ
218 1366 445 1437 εἰρήνην
460 1365 804 1437 ἐποιήσαντο,
822 1364 1122 1439 ἡγούμενοι
1144 1366 1282 1439 πρὸς
1297 1366 1400 1437 μὲν
1414 1364 1473 1420 τὸ
1491 1362 1784 1434 ὁμόφυλον
1813 1369 1848 1412 D

23 1469 35 1494 -·
109 1452 263 1522 μέχρι
282 1453 438 1519 νίκης
458 1452 575 1504 δεῖν
594 1457 855 1519 πολεμεῖν
868 1492 882 1519 ,
904 1453 995 1507 καὶ
1015 1450 1088 1522 μὴ
1111 1449 1184 1506 δι’
1208 1446 1385 1521 ὀργὴν
1408 1451 1554 1503 ἰδίαν
1574 1445 1785 1510 πόλεως

36 1539 43 1542 ’
108 1528 171 1586 τὸ
191 1527 387 1585 κοινὸν
405 1538 517 1586 ταῖν
530 1528 809 1601 Ἑλλήνων
825 1534 1110 1589 διολλύναι
1124 1576 1139 1604 ,
1178 1531 1318 1602 πρὸς
1338 1531 1397 1587 δὲ
1415 1528 1547 1596 τοὺς
1570 1529 1786 1600 βαρβά-

44 1616 48 1618 ’
111 1634 246 1680 ρους
267 1615 424 1683 μέχρι
455 1616 786 1684 διαφθορᾶς.
823 1616 1057 1681 τούτους
1086 1615 1152 1687 δὴ
1184 1614 1342 1681 ἄξιον
1360 1616 1639 1670 ἐπαινέσαι
1658 1612 1788 1677 τούς

35 1710 37 1715 ·
110 1694 345 1763 ἄνδρας,
395 1701 452 1751 οἳ
485 1703 686 1751 τοῦτον
721 1697 821 1753 τὸν
858 1697 1102 1769 πόλεμον
1140 1696 1548 1768 πολεμήσαντες
1581 1693 1788 1751 ἐνθάδε

22 1774 38 1796 ”
110 1790 319 1832 κεῖνται
333 1820 347 1845 ,
379 1776 465 1832 ὅτι
486 1781 792 1850 ἐπέδειξαν,
834 1789 888 1837 εἴ
899 1804 979 1845 τις
999 1780 1107 1850 ἄρα
1127 1778 1494 1851 ἠμφεσβήτει,
1537 1775 1610 1844 ὡς
1630 1781 1691 1833 ἐν
1713 1784 1789 1851 τῷ

111 1863 361 1933 προτέρω
393 1863 612 1934 πολέμῳ
643 1855 721 1934 τῷ
753 1861 893 1930 πρὸς
928 1864 1058 1928 τούς
1094 1862 1415 1935 βαρβάρους
1452 1860 1613 1917 ἄλλοι
1649 1860 1794 1927 τινὲς

113 1940 223 1997 εἶεν
249 1940 509 2013 ἀμείνους
533 1941 873 2017 Ἀθηναίων,
915 1944 999 2002 ὅτι
1027 1945 1130 2003 οὐκ
1161 1945 1346 2017 άληθῆ
1364 1943 1788 2016 άμφισβητοϊεν·
1821 1950 1854 1992 Ε

113 2017 270 2080 οὗτοι
298 2025 406 2095 γὰρ
437 2028 685 2081 ἐνταῦθα
726 2032 965 2099 ἔδειξαν,
1004 2027 1372 2098 στασιασάσης
1407 2033 1504 2099 τῆς
1534 2026 1793 2093 Ἑλλάδος

55 2165 62 2171 ,
113 2109 532 2179 περνγενόμενοι
563 2115 638 2182 τῷ
672 2113 917 2184 πολέμῳ,
949 2109 1080 2175 τούς
1108 2117 1455 2180 προεστῶτας
1475 2116 1588 2165 τῶν
1607 2109 1794 2167 ἄλλων

31 2207 50 2265 ξ’
120 2191 384 2262 Ελλήνων
412 2192 836 2264 χειρωσάμενοι,
877 2193 1010 2265 μεθ’
1049 2188 1129 2250 ὦν
1158 2195 1282 2249 τότε
1312 2192 1442 2258 τούς
1473 2194 1795 2265 βαρβάρους

38 2284 46 2303 ·
115 2276 314 2329 ἐνίκων
334 2281 493 2347 κοινῇ
509 2317 522 2341 ,
544 2275 779 2341 τούτους
799 2283 1062 2344 νικῶντες
1081 2281 1206 2350 ἰδίᾳ.

258 2362 390 2413 xlv.
469 2363 661 2427 Τρίτος
690 2359 746 2414 δὲ
781 2360 1015 2431 πόλεμος
1042 2359 1177 2432 μετὰ
1208 2360 1416 2430 ταύτην
1445 2357 1546 2430 τὴν
1566 2358 1796 2430 εἰρήνην

40 2453 50 2473 ‘¹
117 2437 443 2504 ἀνέλπιστός
472 2461 527 2494 τε
558 2443 647 2496 καὶ
680 2441 862 2508 δεινὸς
885 2446 1128 2514 ἐγένετο,
1167 2447 1226 2499 ἐν
1257 2437 1303 2517 ᾦ
1334 2445 1527 2499 πολλοὶ
1547 2444 1637 2499 καὶ
1657 2441 1797 2514 ἄγα-

41 2575 51 2600 ·.
115 2522 213 2575 θοὶ
243 2522 665 2592 τελευτήσαντες
694 2526 896 2582 ἐνθάδε
917 2539 1150 2599 κεῖνται,
1193 2530 1384 2583 πολλοὶ
1413 2526 1513 2598 μὲν
1532 2525 1674 2597 ἀμφὶ
1693 2532 1798 2582 Σι-

119 2611 308 2661 κελίαν
338 2613 561 2662 πλεῖστα
591 2608 824 2677 τρόπαια
855 2611 1152 2683 στήσαντες
1185 2610 1325 2681 ὑπὲρ
1357 2618 1453 2684 τῆς
1479 2615 1799 2667 Λεοντίνων
1826 2618 1912 2665 243

46 2707 56 2766 Ῐ
120 2690 459 2760 ἐλευθερίας,
482 2686 562 2754 οἷς
581 2698 926 2762 βοηθοῦντες
947 2694 1036 2750 διὰ
1059 2696 1188 2759 τούς
1205 2693 1410 2764 ὅρκους
1429 2698 1702 2750 ἔπλευσαν
1722 2698 1799 2759 είς

120 2773 368 2838 ἐκείνους
400 2772 532 2838 τούς
563 2774 792 2842 τόπους,
833 2776 922 2831 διὰ
951 2777 1010 2834 δὲ
1040 2783 1216 2849 μῆκος
1244 2783 1344 2832 τοῦ
1373 2782 1520 2832 πλοῦ
1550 2782 1627 2842 εἰς
1655 2776 1801 2832 ἀπο-

122 2858 251 2924 ρίαν
264 2859 382 2979 Ρὶτίς
415 2856 628 2980 πιιῐίιλεως
656 2859 998 2932 καταστάσης
1022 2863 1109 2917 καὶ
1152 2858 1222 2916 οὐ
1262 2862 1575 2932 δυναμένης
1615 2859 1802 2927 αὐτοῖς

359 2946 416 2979 το
506 2968 519 2979 .
1478 2942 1535 2987 29
