1962 3112
202 123 307 178 346
425 119 430 123 ’
817 125 1287 174 ΠΛΑΤΩΝΟΣ
1791 130 1875 176 148
1957 95 1962 99 ⁴

343 264 524 315 XXVI.
600 263 724 314 ΣΩ.
776 250 883 326 Ἆρ’
916 251 1022 312 οὖν
1058 256 1240 328 ἐπειδὴ
1280 255 1350 313 οὐ
1384 257 1552 328 φύσει
1589 259 1645 312 οἱ
1671 255 1871 327 ἀγαθοὶ

142 343 177 386 C
208 338 412 411 ἀγαθοὶ
431 345 739 411 γίγνονται,
762 333 870 408 ἆρα
891 338 1159 410 μαθήσεις

345 429 531 479 ΜΕΝ.
586 429 763 477 Δοκεῖ
783 443 875 492 μοι
901 420 1007 492 ἤδη
1038 419 1344 492 ἀναγκαῖον
1373 421 1534 478 εἶναι·
1573 424 1664 477 καὶ
1683 425 1872 492 δῆλον,

205 499 253 561 ὦ
269 505 589 574 Σώκρατες,
633 501 771 559 κατὰ
791 503 890 575 τὴν
912 501 1214 576 ὑπόθεσιν,
1254 512 1406 574 εἰπερ
1426 503 1692 574 ἐπιστήμη
1725 505 1874 558 ἐστὶν

203 585 398 658 οἷρετή,
422 585 506 641 ὅτι
527 585 786 641 διδακτόν
807 588 970 640 ἐστιν.

342 674 467 724 ΣΩ.
507 667 668 732 Ἴσως
697 665 765 737 νὴ
787 673 922 722 Δία·
969 665 1108 723 ἀλλὰ
1138 666 1212 738 μὴ
1240 674 1403 723 τοῦτο
1436 666 1504 722 οὐ
1526 672 1705 733 καλῶς
1724 665 1874 738 ὦμο-

205 753 543 823 λογήσαμεν;

346 840 530 891 ΜΕΝ.
572 834 681 888 Καὶ
700 830 810 903 μὴν
830 831 1011 887 ἐδόκει
1029 830 1131 902 μὲν
1149 829 1274 902 ἄρτι
1293 836 1471 895 καλῶς
1493 834 1765 902 λέγεσθαι.

345 923 471 973 Σῼ.
520 914 678 970 Ἀλλοὶ
697 912 770 985 μὴ
791 911 894 968 οὐκ
913 916 972 967 έν
989 919 1063 985 τῷ
1085 912 1208 983 ἄρτι
1225 914 1403 984 μόνον
1422 915 1516 986 δέῃ
1537 911 1670 969 αὐτὸ
1692 917 1876 970 δοκεῖν

205 1006 386 1064 καλῶς
407 1003 694 1069 λέγεσθαι,
735 994 875 1051 ἀλλὰ
895 997 987 1051 καὶ
1007 998 1068 1051 ἐν
1089 1002 1166 1070 τῷ
1185 1002 1293 1051 νῦν
1312 996 1402 1051 καὶ
1421 998 1482 1051 έν
1500 1001 1575 1069 τῷ
1596 1000 1804 1067 ἔπειτα,
1830 1001 1878 1052 εἰ

204 1088 386 1153 μέλλει
405 1103 456 1136 τι
482 1078 655 1135 αὐτοῦ
676 1077 824 1150 ὑγιὲς
844 1077 995 1133 εἶναι.
1846 1072 1848 1074 ’

136 1175 172 1215 D
351 1169 532 1219 ΜΕΝ.
578 1167 646 1217 Τί
662 1155 769 1218 οὖν
790 1161 884 1232 δή;
915 1159 1054 1232 πρὸς
1073 1165 1129 1216 τί
1142 1164 1363 1233 βλέπων
1384 1165 1754 1233 δυσχεραίνεις
1772 1161 1875 1216 αὐ-

205 1245 265 1302 τὸ
287 1248 377 1302 καὶ
391 1243 634 1308 ἀπιστεῖς
653 1242 724 1315 μὴ
750 1242 853 1299 οὐκ
875 1243 1139 1314 ἐπιστήμη
1161 1237 1197 1315 ᾗ
1216 1240 1250 1314 ἡ
1272 1241 1437 1314 ἀρετή
1450 1269 1464 1311 3

345 1333 467 1383 ΣΩ.
521 1326 655 1398 Ἐγιό
681 1343 767 1383 σοι
788 1330 895 1396 ε’ρῶ
909 1369 922 1397 ‚
947 1320 990 1381 ὦ
1012 1329 1236 1381 ,Μένων
1286 1324 1346 1381 τὸ
1365 1327 1466 1396 μὲν
1488 1324 1594 1395 γάρ
1615 1325 1875 1383 διδακτὸν

206 1407 340 1466 αὐτὸ
366 1409 531 1479 εἶναι,
571 1417 721 1477 εἴπερ
744 1408 1007 1479 ἐπιστήμη
1030 1411 1204 1477 ἐστίν,
1245 1405 1347 1462 οὐκ
1367 1407 1694 1479 ἀνατίθεμαι
1713 1408 1786 1481 μὴ
1808 1429 1868 1466 on

205 1499 385 1558 καλῶς
404 1495 689 1561 λέγεσθαι·
742 1488 826 1546 ὅτι
845 1489 896 1545 δ’
926 1490 1030 1546 οὐκ
1052 1495 1200 1546 ἔστιν
1229 1488 1522 1561 ἐπιστήμη,
1562 1493 1760 1557 σκέψαι
1777 1493 1865 1548 ε’άϋ

207 1592 294 1630 σοι
336 1578 484 1631 δοκεῖ
523 1574 746 1638 εἰκότως
784 1572 1047 1628 άπιστεῖν.
1099 1571 1225 1626 τόδε
1262 1571 1368 1643 γάρ
1401 1593 1494 1642 μοι
1512 1574 1654 1628 εἰπέ·
1695 1577 1745 1628 εἰ
1761 1578 1869 1629 ἔστι

206 1657 468 1713 διδακτὸν
487 1654 679 1712 ὁτιοῦν
697 1663 937 1727 πρᾶγμα,
952 1654 1024 1726 μὴ
1046 1654 1223 1725 μόνον
1243 1652 1427 1725 ἀρετή,
1444 1651 1547 1709 οὐκ
1571 1652 1868 1724 ἀναγκαῖον

206 1738 380 1796 αὐτοῦ
400 1742 490 1795 καὶ
513 1739 878 1803 διδασκάλους
898 1741 988 1793 καὶ
1008 1735 1262 1808 μαθητὰς
1280 1735 1446 1804 εἷναι;

350 1828 534 1877 ΜΕΝ.
579 1821 797 1891 Ἔμοιγε
818 1826 979 1875 δοκεῖ.

139 1920 174 1960 Ε
347 1910 470 1959 ΣΩ.
529 1902 758 1958 Οὐκοῦν
797 1900 1126 1958 τούναντίον
1155 1894 1253 1969 αὖ,
1293 1892 1363 1954 οὗ
1389 1899 1524 1970 μήτε
1554 1899 1868 1955 διδάσκαλο

205 1987 339 2057 μήτε
358 1987 601 2057 μαθηταὶ
621 1985 756 2057 εἷεν,
790 1992 971 2050 καλῶς
990 1982 1061 2039 ἄν
1082 1981 1217 2038 αὐτὸ
1240 1982 1543 2048 εἰκάζοντες
1564 1981 1867 2053 εἰκάζοιμεν

203 2066 275 2138 μὴ
299 2067 558 2123 διδακτὸν
575 2067 740 2134 εἷναι;

344 2156 531 2205 MEN.
574 2150 721 2206 Ἔστι
741 2158 937 2206 ταῦτα·
977 2148 1092 2205 ἀλλ’
1115 2148 1312 2219 ἀρετῆς
1344 2148 1667 2204 διδάσκαλοι
1688 2146 1755 2203 οὐ
1776 2151 1871 2204 δο-

201 2238 366 2288 κοῦσί
381 2248 462 2287 σοι
489 2231 652 2298 εἷναι;

344 2320 466 2370 ΣΩ.
505 2315 782 2380 Πολλάκις
799 2322 943 2385 γοῦν
966 2319 1156 2386 ζητῶν,
1180 2321 1235 2369 εἴ
1246 2336 1388 2378 τινες
1401 2312 1512 2369 εἷεν
1529 2312 1698 2384 αὐτῆς
1718 2314 1873 2369 διδά-

205 2404 427 2468 σκαλοι,
469 2398 648 2452 πάντα
677 2418 856 2452 ποιων
899 2396 968 2453 οὐ
998 2395 1242 2467 δύναμαι
1272 2394 1470 2465 εὑρεῖν.
1526 2403 1701 2451 καίτοι
1738 2392 1871 2466 μετὰ

204 2486 425 2535 πολλῶν
444 2502 507 2549 γε
529 2485 668 2550 ζητω
686 2481 777 2535 καὶ
796 2480 1012 2534 τούτων
1031 2479 1293 2550 μάλιστα,
1338 2501 1436 2543 ους
1470 2475 1540 2534 α“ν
1560 2487 1755 2549 οἴωμαι
1775 2480 1871 2548 ε’μ-

204 2562 562 2625 πειροτάτους
595 2560 737 2616 εἶναι
772 2569 873 2617 τοῦ
910 2562 1240 2633 πράγματος.
1301 2564 1392 2617 καὶ
1433 2561 1498 2632 δὴ
1531 2563 1620 2616 καὶ
1651 2566 1785 2630 νῦν,
1826 2562 1868 2613 ὦ

203 2647 438 2712 ΛΙένων,
466 2649 540 2707 εἰς
560 2644 735 2698 καλὸν
755 2642 884 2714 ἡμῖν
888 2644 1122 2708 ’Ἁνυτος
1143 2642 1239 2700 ὅδε
1258 2646 1686 2713 παρεκαθέζετο,
1710 2635 1758 2717 ᾦ
1775 2664 1870 2712 με·-

202 2728 453 2795 ταδῶμεν
490 2731 584 2795 τῆς
622 2726 899 2795 ζητήσεως.
970 2727 1195 2791 εἰκότως
1231 2724 1285 2781 δ’
1315 2722 1386 2781 ὄὶν
1409 2729 1737 2796 μεταδοῖμεν
1773 2724 1870 2779 ἄν·

110 2824 170 2867 90
185 2806 420 2872 ’Ἀνυτος
438 2807 544 2877 γάρ
567 2805 662 2861 ὅδε
682 2812 903 2877 πρῶτον
923 2808 1024 2878 μέν
1046 2810 1158 2864 ἐστι
1176 2804 1380 2877 πατρὸς
1406 2813 1680 2862 πλουσίου
1697 2828 1755 2862 τε
1775 2808 1866 2861 καὶ
