2020 3094
715 91 1014 138 ΛΑΧΗΣ.
1653 91 1722 143 45
1763 133 1770 140 .

0 272 7 281 .
106 245 172 294 ει,
193 223 578 296 συμβούλομαι
595 221 816 293 τάνδρί,
854 224 945 278 καὶ
963 221 1134 294 ἥδιστ’
1156 219 1230 279 ἄν
1247 226 1589 298 ἐξεταζοίμην
1607 223 1719 283 ὑπὸ

0 344 5 375 =
78 311 151 360 οῦ
167 305 452 374 τοιούτου,
473 306 563 360 καὶ
582 302 687 360 οὐκ
706 300 779 359 ἄν
798 302 1076 376 ἀχθοίμην
1092 305 1428 377 μανθάνων,
1466 303 1605 362 ἀλλὰ
1626 307 1718 363 καὶ

0 427 4 449 ‚
111 384 155 442 ὦ
184 393 262 462 τῷ
289 387 538 457 Σόλωνι,
579 389 642 442 ἓν
669 387 846 459 μόνον
874 387 1236 460 προσλαβών,
1273 393 1537 461 ξυγχωρῶ
1549 411 1560 423 ·
1613 412 1718 462 γη·

0 518 2 524 ,
105 467 275 525 ’σκων
290 466 398 540 γὰρ
427 465 604 524 πολλὰ
625 466 986 524 διδάσκεσθαι
1014 470 1191 525 ἐθέλω
1210 466 1320 526 ῦπό
1341 477 1596 542 χρηστῶν
1612 470 1719 542 μό-

84 570 167 605 ον.
205 554 370 605 τοῦτο
390 550 498 621 γάρ
516 570 610 621 μοι
628 555 975 619 συγχωρείτω
989 591 1004 619 ,
1037 548 1259 620 ἀγαθὸν
1277 554 1367 607 καὶ
1386 551 1559 610 αὐτὸν
1577 552 1718 610 εἶναι

75 628 145 687 ὂν
165 631 527 700 διδάσκαλον,
556 634 650 686 ἵνα
668 629 743 701 μὴ
763 630 1054 701 δυσμαθὴς
1073 636 1354 703 φαίνωμαι
1372 631 1555 704 ἀηδῶς
1572 655 1718 705 μαν-

8 744 12 750 -
90 710 244 767 α’νων
258 733 269 744 ·
310 715 361 767 εἰ
377 711 436 768 δὲ
454 710 721 781 νεώτερος
739 708 768 765 ὁ
796 710 1076 767 διδάσκων
1096 716 1247 768 ἔσται
1264 709 1301 784 ἢ
1320 713 1484 786 μήπω
1505 718 1566 770 έν
1585 716 1718 788 δόξῃ

44 789 126 851 ὢν
154 793 194 866 ἤ
210 815 262 850 τι
289 793 425 849 ἄλλο
446 800 559 850 τῶν
587 793 858 850 τοιούτων
886 798 1051 865 ἔχων,
1090 793 1259 851 οὐδέν
1287 816 1383 867 μοι
1409 798 1573 867 μέλει.
1631 799 1718 853 σοὶ
1745 814 1777 855 Β

42 870 177 947 οὖν,
218 869 264 931 ὦ
283 875 603 945 Σώκρατες,
642 872 748 944 ἐγώ
786 875 1187 946 ἐπαγγέλλομαι
1204 878 1293 932 καὶ
1326 877 1608 932 διδάσκειν
1625 879 1717 933 καὶ

67 961 280 1029 λέγχειν
296 957 390 1028 ἐμὲ
411 955 445 1012 ὅ
462 978 514 1012 τι
530 951 602 1011 ἄν
618 955 798 1028 βούλῃ
812 998 826 1025 ,
856 957 948 1012 καὶ
975 957 1288 1028 μανθάνειν
1306 979 1369 1028 γε
1393 957 1426 1014 δ’
1444 981 1495 1013 τι
1514 951 1587 1012 αὖ
1607 953 1712 1028 ἐγώ

42 1039 193 1098 οἶδα·
233 1037 379 1096 οὕτω
407 1038 480 1095 σύ
508 1036 633 1111 παρ’
654 1041 774 1110 ἐμοὶ
803 1039 1074 1096 διάκεισαι
1104 1037 1190 1096 ἀπ’
1213 1044 1425 1114 ἐκείνης
1457 1049 1553 1114 τῆς
1582 1039 1717 1114 ἡμέ-

42 1144 169 1194 ρας,
205 1114 245 1195 ᾖ
269 1119 379 1192 μετ’
397 1123 534 1192 ἐμοῦ
563 1122 1129 1188 συνδιεκινδύνευσας
1157 1125 1246 1179 καὶ
1274 1127 1485 1190 ἔδωκας
1502 1132 1715 1182 σαυτοῦ

40 1215 237 1274 πεῖραν
253 1202 476 1275 ἀρετῆς,
505 1200 577 1275 ἣν
600 1201 702 1275 χρὴ
724 1202 939 1260 διδόναι
956 1202 1055 1260 τὸν
1073 1209 1341 1276 μέλλοντα
1363 1210 1587 1272 δικαίως
1605 1206 1715 1262 δαί-

39 1303 175 1344 σειν.
211 1284 318 1357 λέγ’
338 1279 444 1342 οὖν
460 1284 493 1342 ὅ
511 1290 568 1342 τί
581 1301 669 1341 σοι
688 1291 872 1358 φίλον,
891 1287 1064 1358 μηδὲν
1081 1286 1185 1359 τὴν
1206 1284 1479 1360 ἡμετέραν
1495 1286 1715 1360 ἡλικίαν

36 1366 322 1440 ὑπόλογον
346 1368 692 1440 ποιούμενος.

180 1457 292 1508 XV.
366 1456 490 1507 ΣΩ.
550 1449 637 1508 Οὐ
656 1451 723 1508 τὰ
742 1449 1005 1522 ὑμέτερα,
1027 1448 1102 1517 ὥς
1122 1455 1327 1524 ἔοικεν,
1350 1451 1712 1525 αἰτιασόμεθα
1746 1473 1776 1516 c

22 1533 111 1607 ’μὴ
131 1532 234 1605 οὐχ
251 1535 439 1605 ἕτοιμα
460 1532 600 1589 εἶναι
617 1535 708 1589 καὶ
727 1532 1132 1604 συμβουλεύειν
1151 1535 1242 1589 καὶ
1261 1545 1577 1593 συσκοπεῖν.

180 1625 294 1674 ΛΤ.
341 1615 479 1674 Ἀλλ’
515 1615 783 1689 ἡμέτερον
820 1615 887 1689 δὴ
928 1622 1122 1688 ἔργον,
1162 1610 1209 1672 ὦ
1224 1617 1521 1688 Σώκρατες
1535 1639 1546 1650 ·
1612 1619 1711 1674 ἕνα

18 1701 144 1773 ’γάρ
174 1717 233 1756 σε
257 1701 427 1770 ἔγωγε
455 1696 614 1771 ἡμῶν
639 1704 831 1771 τίθημι
850 1721 861 1732 ·
905 1699 1103 1755 σκόπει
1133 1693 1240 1755 οὖν
1268 1697 1380 1755 ἄντ’
1401 1702 1542 1771 ἐμοῦ
1570 1697 1709 1771 ὑπὲρ

33 1788 151 1839 τῶν
166 1786 493 1851 νεανίσκων,
523 1779 557 1836 ὅ
583 1803 636 1836 τι
656 1780 899 1852 δεόμεθα
918 1780 1068 1851 παρὰ
1088 1786 1264 1838 τῶνδε
1295 1780 1707 1851 πυνθάνεσθαι,

34 1863 127 1920 καὶ
154 1861 504 1934 συμβούλευε
534 1863 920 1934 διαλεγόμενος
950 1863 1178 1929 τούτοις.
1235 1862 1343 1935 ἐγώ
1372 1863 1475 1934 μὲν
1493 1863 1599 1935 γὰρ
1619 1866 1711 1919 καὶ

35 1944 479 2016 ἐπιλανθάνομαι
506 1944 612 2017 ἤδη
631 1943 696 2000 τὰ
729 1945 906 2001 πολλὰ
927 1946 1017 2001 διὰ
1037 1944 1376 2018 τὴνὴλικίαν
1397 1938 1479 2000 οἷν
1497 1940 1569 2000 ἂν
1589 1949 1711 2000 δια-

34 2035 228 2102 νοηθῶ
260 2030 486 2099 ἐρέσθαι
514 2030 605 2085 καὶ
632 2021 706 2083 αὖ
725 2025 762 2083 ἃ
788 2023 861 2083 ἄν
883 2026 1131 2084 ἀκούσω·
1167 2026 1265 2084 ἐὰν
1294 2026 1352 2083 δὲ
1385 2028 1588 2099 μεταξὺ
1610 2027 1708 2083 ἅλ-

10 2143 19 2164 .
35 2119 123 2170 λοι
142 2111 300 2183 λόγοι
316 2115 611 2182 γένωνται,
641 2109 711 2167 ού
729 2111 881 2167 πάνυ
898 2114 1188 2183 μέμνημαι.
1230 2109 1386 2182 ὑμεῖς
1404 2103 1509 2167 οὖν
1528 2114 1709 2183 λέγετε

33 2195 126 2251 καὶ
145 2193 335 2259 διέξιτε
361 2191 501 2263 πρὸς
520 2190 662 2264 ὑμᾶς
688 2190 895 2259 αύτούς
924 2195 1048 2263 περὶ
1070 2186 1151 2249 ὦν
1169 2191 1562 2265 προύθέμεθα·
1600 2191 1705 2263 ἐγω
1740 2216 1774 2257 1)

8 2299 16 2326 ι
34 2273 89 2332 δ’
110 2273 422 2345 α’κούσομαι
446 2278 537 2330 καὶ
556 2272 800 2339 άκούσας
819 2268 895 2330 αύ
921 2275 1056 2345 μετὰ
1077 2281 1368 2347 Μελησίου
1399 2279 1561 2331 τοῦδε
1581 2296 1711 2332 ποι-

6 2379 12 2412 z
33 2356 153 2428 η’σω
172 2361 338 2412 τοῦτο
357 2354 390 2412 ὅ
409 2378 461 2411 τι
478 2350 551 2411 ἂν
573 2357 663 2411 καὶ
684 2354 816 2427 ὑμῖν
835 2359 987 2428 δοκῇ.

0 2444 1 2451 ’
175 2444 298 2496 ΣΩ.
356 2443 648 2508 Πειστέον,
689 2433 734 2494 ὦ
753 2445 921 2495 Νικία
958 2462 1012 2495 τε
1049 2443 1139 2496 καὶ
1160 2441 1368 2512 Λάχης,
1409 2449 1708 2515 Λυσιμαχῳ

35 2525 128 2579 καὶ
146 2526 420 2594 Μελησίᾳ.
475 2519 513 2575 ὀὶ
541 2520 643 2592 μὲν
672 2514 779 2575 οὖν
799 2527 907 2576 νῦν
930 2520 995 2592 δὴ
1018 2521 1442 2593 ἐπεχειρήσαμεν
1464 2533 1708 2591 σκοπεῖν,

4 2626 9 2636 ’
32 2606 178 2667 τίνες
196 2605 255 2658 οἰ
268 2602 588 2659 διδάσκαλοι
611 2600 742 2674 ἡμῖν
765 2609 858 2674 τῆς
875 2603 1130 2675 τοιαύτης
1149 2608 1394 2669 παιδείας
1412 2603 1711 2674 γεγόνασιν

33 2678 69 2754 ἢ
88 2688 238 2749 τίνας
255 2682 456 2750 ἄλλους
476 2690 726 2756 βελτίους
746 2685 1147 2759 πεποιήκαμεν,
1169 2694 1299 2752 ἴσως
1318 2685 1421 2758 μὲν
1441 2683 1509 2741 οὐ
1529 2691 1713 2750 κακῶς

1 2806 4 2814 .
31 2768 142 2836 ἔχει
173 2766 437 2833 ἐξετάζειν
471 2769 560 2823 καὶ
592 2767 657 2823 τά
687 2775 915 2824 τοιαῦτα
951 2766 1093 2840 ἡμᾶς
1124 2767 1351 2834 αὐτούς·
1408 2766 1519 2825 ἀλλ’
1562 2766 1710 2837 οἶμαι
1742 2783 1773 2825 Ε
