1994 3100
724 111 1181 163 ΧΑΡΜΙΔΗΣ.
1731 108 1792 159 17

115 241 269 317 κῆςῆ
288 245 508 317 ι”μάτιον
533 242 840 316 ὑφαντικῆς
867 240 905 316 ἢ
935 243 1075 299 ἄλλα
1101 247 1329 299 τοιαῦτα
1348 246 1508 314 ἔργα,
1547 240 1584 298 ὁὶ
1618 245 1793 299 πολλὰ

117 326 190 382 ἇν
218 350 298 392 τις
327 331 439 398 ἔχοι
468 333 692 382 πολλῶν
719 332 930 397 τεχνῶν
958 329 1152 392 δεῖξαι;
1189 329 1325 395 ἔχεις
1354 318 1459 380 οὖν
1487 346 1579 395 μοι
1609 324 1791 380 καὶσὺ

115 407 333 464 τούτων
350 407 607 465 τοιοῦτόν
625 431 678 464 τι
696 412 862 480 ἔργον
882 410 1082 473 δείξαις
1118 404 1241 462 ἀλλ’
1267 404 1368 477 οὐχ
1386 407 1534 472 ἕξεις.
1574 407 1666 462 καὶ
1683 405 1790 476 ἐγώ

113 489 271 547 εἷπον
289 489 374 547 ὅτι
395 489 606 563 Ἀληθῆ
626 492 819 561 λέγεις·
859 487 997 544 ἀλλὰ
1016 488 1141 543 τόδε
1171 503 1256 542 σοι
1289 491 1390 558 ἔχω
1416 490 1608 559 δεῖξαι,
1644 492 1793 551 τίνος

113 572 261 628 ἐστὶν
289 573 555 644 ἐπιστήμη
576 571 772 640 ἑκάστη
791 570 1006 625 τούτων
1022 569 1137 623 τῶν
1159 571 1497 640 ἐπιστημῶν,
1538 565 1570 623 ὂ
1587 567 1793 639 τυγχά-

119 675 200 709 νει
220 650 252 710 ὂ
260 677 288 708 ν
316 652 450 709 ἄλλο
482 651 652 724 αὐτῆς
679 658 776 722 τῆς
801 651 1117 722 ἐπιστήμης·
1158 646 1278 705 οἷον
1305 649 1339 722 ἡ
1370 649 1650 722 λογιστική
1678 652 1796 706 ἐστι’

115 756 226 791 που
242 741 344 790 τοῦ
358 733 553 805 ἀρτίου
567 735 659 790 καὶ
677 740 778 789 τοῦ
794 739 1067 803 περιττοῦ,
1088 731 1343 803 πλήθους
1363 731 1513 796 ὅπως
1533 736 1639 802 ἔχει
1657 729 1795 801 πρὸς

114 813 256 871 αὐτοὶ
274 817 363 871 καὶ
390 813 531 885 πρὸς
549 814 786 886 ἄλληλα·
825 808 1016 885 ἦγαρ;
1054 814 1219 869 Πάνυ
1234 834 1324 883 γε,
1363 816 1485 883 ἔφη.
1562 810 1793 867 Οὐκοῦν

113 898 305 965 ἐτέρου
323 895 484 961 ὄντος
511 902 614 951 τοῦ
641 903 899 964 περιττοῦ
928 896 1017 950 καὶ
1038 893 1232 964 ἀρτίου
1252 891 1421 964 αὐτῆς
1438 898 1534 963 τῆς
1553 898 1792 962 λογιστι-

113 983 242 1048 κῆς;
279 983 410 1042 Πῶς
442 976 495 1033 δ’
526 976 619 1041 οὔ;
654 978 763 1034 Καὶ
793 977 904 1048 μὴν
935 971 1009 1032 αὖ
1037 975 1072 1049 ἡ
1105 974 1329 1047 στατικὴ
1360 981 1461 1031 τοῦ
1478 978 1790 1047 βαρυτέρου

114 1060 206 1114 καὶ
234 1062 584 1130 κουφοτέρου
614 1065 870 1130 σταθμοῦ
901 1060 1013 1115 ἐστὶ
1040 1057 1332 1129 [στατική]·
1371 1059 1562 1126 ἕτερον
1590 1060 1652 1112 δέ
1677 1059 1791 1112 ἐστι

112 1138 175 1196 τὸ
202 1139 352 1212 βαρὺ
378 1144 469 1197 καὶ
497 1140 558 1198 τὸ
589 1149 810 1212 κοῦφον
838 1146 934 1213 τῆς
961 1147 1216 1212 στατικῆς
1247 1137 1429 1210 αὐτῆς.
1471 1143 1790 1210 ξυγχωρεῖς;

101 1220 321 1292 Ἐγωγε.
373 1225 515 1294 Λέγε
537 1225 624 1294 δή,
645 1225 735 1279 καὶ
753 1221 786 1295 ἡ
809 1222 1147 1294 σωφροσύνη
1166 1228 1316 1286 τίνος
1336 1222 1483 1276 ἐστὶν
1503 1219 1788 1291 ἐπιστήμη,

114 1301 149 1359 δ’
162 1305 423 1375 τυγχάνει
441 1307 633 1376 ἕτερον
654 1302 722 1362 ὂν
741 1304 912 1377 αὐτῆς
930 1311 1026 1376 τῆς
1045 1304 1443 1376 σωφροσύνης;

254 1392 391 1445 XIV.
468 1387 649 1443 Τοῦτό
677 1389 826 1443 ἐστιν
855 1391 1058 1457 ἐκεῖνο,
1098 1391 1229 1460 ἔφη,
1269 1379 1312 1441 ὦ
1339 1385 1661 1454 Σώκρατες·
1699 1382 1785 1440 ἐπ’

115 1465 248 1524 αὐτὸ
268 1466 420 1540 ἥκεις
435 1470 700 1539 ἐρευνῶν,
721 1467 830 1541 ὅτῳ
853 1470 1103 1538 διαφέρει
1124 1473 1318 1523 πασῶν
1346 1473 1460 1522 τῶν
1478 1468 1791 1536 ἐπιστημῶν

0 1533 2 1594 ἶ
39 1599 42 1604 .
116 1547 147 1622 ἦ
179 1550 546 1622 σωφροσύνη·
587 1549 657 1606 σύ
691 1552 750 1606 δὲ
782 1548 1076 1621 ὁμοιότητά
1107 1572 1230 1604 τινα
1259 1554 1429 1620 ζητεῖς
1469 1549 1639 1618 αὐτῆς
1673 1558 1791 1611 ταῖς

115 1630 320 1697 ἄλλαις.
356 1629 418 1688 τό
451 1630 505 1687 δ’
539 1631 643 1688 οὐκ
678 1638 827 1689 ἔστιν
855 1630 1059 1700 οὕτως,
1103 1628 1226 1687 ἀλλ’
1248 1635 1309 1686 αἰ
1323 1631 1422 1702 μὲν
1441 1628 1602 1686 ἄλλαι
1621 1635 1792 1683 πᾶσαι

112 1713 288 1769 αλλου
308 1714 445 1769 εἰσὶν
464 1716 780 1786 ἐπιστῆμαι,
820 1716 1035 1770 ἑαυτῶν
1064 1712 1114 1769 δ’
1148 1711 1246 1782 οὔ,
1283 1711 1317 1784 ἡ
1349 1714 1406 1768 δὲ
1438 1712 1580 1783 μόνη
1601 1716 1714 1766 τῶν
1733 1732 1789 1765 τε

1825 332 1910 378 166

111 1794 300 1851 αλλων
332 1797 648 1867 ἐπιστημῶν
685 1794 948 1866 ἐπιστήμη
987 1796 1097 1851 ἐστὶ
1134 1796 1226 1850 καὶ
1261 1791 1399 1864 αὐτὴ
1439 1794 1648 1863 ἑαυτῆς.
1701 1793 1792 1847 καὶ
1867 1839 1871 1842 .

111 1876 283 1932 ταῦτά
303 1894 364 1932 σε
384 1884 596 1933 πολλοῦ
619 1882 705 1934 δεῖ
719 1879 1039 1949 λεληθέναι·
1078 1874 1217 1932 αλλα
1236 1876 1371 1946 γάρ,
1411 1873 1576 1947 οἶμαι,
1617 1871 1649 1930 ὃ
1667 1873 1792 1944 ἄρτι

109 1955 213 2015 οὐκ
234 1963 458 2031 ἔφησθα
476 1971 682 2030 ποιεῖν,
703 1966 868 2015 τοῦτο
888 1970 1077 2029 ποιεῖς,
1100 1958 1190 2029 ἐμε
1211 1956 1318 2029 γὰρ
1339 1960 1619 2029 ἐπιχειρεῖς
1637 1958 1793 2026 ἐλέγ-

108 2061 244 2111 χειν,
283 2041 451 2107 ἐάσας
490 2043 614 2110 περὶ
651 2033 720 2096 οὗ
751 2038 780 2097 ὁ
820 2041 986 2112 λόγος
1021 2043 1185 2097 ἐστίν.
1263 2035 1416 2110 Οἴου,
1454 2033 1527 2110 ἦν
1565 2037 1619 2093 δ’
1660 2038 1787 2109 ἐγώ,

108 2133 280 2187 ποιεῖς
296 2119 632 2195 ἡγούμενος,
667 2127 718 2179 εἰ
735 2122 766 2179 ὅ
787 2146 838 2179 τι
856 2122 1089 2193 μάλιστα
1111 2123 1169 2179 σὲ
1191 2126 1390 2192 ἐλέγχω
1405 2164 1418 2191 ,
1448 2119 1621 2177 ἄλλου
1640 2118 1791 2184 τινὸς

107 2204 271 2259 ἕνεκα
292 2205 531 2274 ἐλέγχειν
557 2201 593 2276 ἦ
622 2198 797 2276 οὗπερ
826 2206 988 2260 ἕνεκα
1011 2203 1121 2260 κᾶν
1150 2202 1392 2276 ε’μαυτὸν
1412 2202 1789 2277 διερευνῴμην

108 2291 164 2340 τί
178 2288 349 2355 λέγω,
389 2286 741 2357 φοβούμενος
758 2287 833 2358 μή
854 2308 985 2342 ποτε
1004 2288 1162 2342 λάθω
1184 2286 1435 2357 οἰόμενος
1454 2288 1556 2356 μέν
1577 2306 1628 2340 τι
1648 2288 1791 2341 εἰδέ-
1819 2295 1853 2336 D

0 2377 5 2425 ἱ
33 2410 42 2451 '.
107 2388 219 2437 ναι,
241 2364 398 2431 εἰδώς
418 2367 475 2423 δὲ
495 2367 587 2438 μή.
610 2370 701 2424 καὶ
721 2374 831 2424 νῦν
851 2367 917 2440 δὴ
938 2362 1044 2424 οὖν
1060 2370 1232 2439 ἔγωγέ
1249 2389 1389 2439 φημι
1407 2374 1571 2423 τοῦτο
1591 2379 1787 2437 ποιεῖν,

35 2465 53 2514 13
107 2447 208 2504 τὸν
226 2448 397 2518 λόγον
419 2461 647 2505 σκοπεῖν
679 2450 911 2521 μάλιστα
941 2451 1042 2522 μὲν
1070 2454 1311 2522 ἐμαυτοῦ
1343 2450 1531 2521 ἕνεκα,
1570 2458 1702 2515 ἴσως
1731 2449 1789 2505 δὲ

109 2528 287 2602 δήκαὶ
315 2536 430 2586 τῶν
458 2529 646 2587 ἄλλων
665 2534 1011 2602 ἐπιτηδείων·
1048 2528 1086 2604 ἦ
1116 2530 1185 2588 οὐ
1214 2529 1408 2588 κοινὸν
1437 2539 1540 2587 οίει
1567 2529 1789 2603 ἀγαθὸν

106 2610 247 2668 εἶναι
276 2613 476 2682 σχεδόν
502 2636 552 2669 τι
582 2619 753 2669 πᾶσιν
783 2612 1131 2684 ἀνθρώποις,
1166 2619 1459 2685 γίγνεσθαι
1477 2612 1789 2682 καταφανὲς

106 2694 340 2750 ἕκαστον
357 2700 470 2750 τῶν
488 2694 669 2751 ὄντων
688 2694 796 2768 ὅπῃ
817 2700 951 2766 ἔχεις
988 2696 1097 2751 Καὶ
1117 2695 1290 2766 μα’λα,
1331 2689 1367 2765 ἦ
1389 2694 1438 2750 δ’
1467 2693 1556 2762 ὅς,
1597 2699 1785 2765 ἔγωγε,

109 2768 155 2830 ὦ
174 2775 484 2899 Σαῐὶὶκρατεῐςι.
558 2783 798 2846 Θαρρῶν
831 2784 1041 2849 τοίνυν,
1080 2770 1152 2848 ἦν
1190 2775 1246 2832 δ’
1283 2777 1416 2847 ἐγώ,
1460 2770 1502 2831 ὦ
1531 2776 1783 2847 μακάριε,

286 2868 400 2899 ιΑτῡ
488 2856 519 2899 1.
1480 2859 1507 2900 2
