1962 3112
774 27 778 30 .
801 0 1334 47 γῇένἾ-Ἶκῧκψψξ-Ἶκὴιῑὶμ
1383 0 1410 6 -.
1443 0 1481 12 s*
1514 0 1516 2 .

89 145 172 187 105
740 134 1116 218 ropssg312.
1657 131 1762 182 303

1178 221 1194 232 “
1231 227 1252 242 x

85 271 283 335 οἵτινες
308 267 516 340 ἀγαθοὶ
548 267 848 339 γεγόνασιν
886 262 922 338 ἢ
963 267 1066 322 εἰσὶ
1101 266 1373 337 σωμάτων
1405 272 1762 337 θεραπευταί,

85 353 264 421 ἔλεγές
291 372 385 422 μοι
414 351 567 406 πάνυ
596 348 951 418 σπουδάζων,
997 353 1248 417 Θεαριων
1275 345 1305 404 ὁ
1334 346 1643 448 ἀρτοκόπος
1672 354 1764 407 καὶ

92 438 372 497 Μίθαικος
402 431 431 487 ὁ
463 432 568 503 τὴν
597 429 894 497 ὀψοποιίαν
922 428 1323 500 συγγεγραφώς
1338 429 1442 502 τὴν
1459 436 1762 504 Σικελικὴν

82 514 173 569 καὶ
192 513 495 585 Σάραμβος
520 512 549 568 ὁ
573 511 845 583 κάπηλος,
884 532 969 566 οτι
998 502 1153 565 οὗτοι
1174 511 1478 581 θαυμάσιοι
1496 514 1759 584 γεγόνασι

83 596 354 667 σωμάτων
368 600 736 664 θεραπευταί,
775 593 804 649 ὁ
838 597 940 664 μὲν
969 592 1172 663 ἄρτους
1198 596 1559 666 θαυμαστοὺς
1578 611 1821 666 παρα-ο

84 679 395 748 σκευάζων,
417 676 445 733 ὁ
466 680 526 733 δὲ
544 676 715 747 ὄψον,
734 675 764 732 ὁ
787 678 845 732 δὲ
865 675 1034 731 οἶνον.

221 764 448 815 LXXIV.
505 759 667 824 Ἴσως
702 755 774 813 ἀν
811 752 917 813 οὖν
950 754 1303 827 ἠγανάκτεις,
1357 766 1408 812 εἴ
1441 775 1529 813 σοι
1566 763 1757 829 ἔλεγον

83 840 189 911 ἐγῶ
210 840 294 896 ὅτι
315 840 581 909 ἄνθρωπε
594 883 610 910 ,
649 844 853 904 ἐπαϊεις
872 837 1039 894 οὐδὲν
1057 840 1179 908 περὶ
1197 846 1570 910 γυμναστικῆς
1587 861 1597 870 ·
1636 844 1759 894 δια-

84 922 288 988 κόνους
305 945 399 993 μοι
418 926 590 994 λέγεις
608 923 699 978 καὶ
719 924 1031 992 ἐπιθυμιῶν
1050 918 1504 988 παρασκευαστάς
1523 918 1756 992 ἀνθρῶ-

83 1024 249 1073 πους,
290 1001 395 1058 οὐκ
424 1007 715 1068 ἐπαΐοντας
735 1002 912 1058 καλὸν
941 999 1198 1071 κάγαθὸν
1223 999 1389 1057 οὐδὲν
1407 1003 1531 1070 περὶ
1549 1000 1753 1073 αὐτῶν,

88 1088 158 1153 ιῗ,
198 1081 270 1139 ἂν
306 1084 452 1141 οὕτω
490 1086 757 1157 τύχωσιν,
797 1083 1168 1155 ἐμπλήσαντες
1197 1086 1288 1138 καὶ
1316 1083 1659 1154 παχύναντες
1687 1083 1754 1140 τά

81 1166 306 1237 σώματα
325 1174 438 1222 τῶν
457 1165 796 1238 ἀνθρώπων,
817 1166 1208 1236 ἐπαινούμενοι
1228 1163 1326 1220 ὑπ’
1350 1163 1563 1235 αὐτῶν,
1584 1187 1750 1235 προς-

81 1255 387 1304 απολοῦσιν
415 1249 603 1305 αὐτῶν
633 1251 724 1305 καὶ
751 1250 847 1313 τὰς
876 1247 1104 1318 ἀρχαίας
1131 1247 1362 1317 σάρκας·
1402 1250 1458 1302 οἰ
1481 1246 1534 1302 δ’
1565 1241 1639 1302 αὖ
1673 1245 1746 1302 δι’
1779 1259 1814 1300 D

81 1327 336 1400 ἀπειρίαν
364 1329 431 1385 ού
459 1330 590 1395 τοὺς
620 1332 911 1395 ἑστιῶντας
941 1329 1274 1384 αἰτιάσονται
1302 1334 1415 1383 τῶν
1443 1328 1632 1384 νόσων
1661 1333 1749 1384 αἰ-

82 1418 233 1476 τίους
261 1408 402 1466 εἶναι
428 1414 518 1467 καὶ
547 1419 642 1483 τῆς
660 1409 938 1484 ἀποβολῆς
956 1418 1069 1466 τῶν
1089 1409 1332 1480 ἀρχαίων
1351 1416 1600 1481 σαρκῶν,
1623 1405 1747 1464 ἀλλ’

82 1500 136 1550 οἳ
160 1490 232 1549 ἄν
262 1492 449 1559 αὐτοῖς
477 1495 682 1565 τύχωσι
715 1495 839 1551 τότε
871 1495 1140 1563 παρόντες
1166 1495 1258 1549 καὶ
1277 1491 1752 1563 συμβουλεύοντες

78 1599 145 1646 τι,
163 1573 299 1631 ὅταν
326 1577 393 1646 δὴ
427 1574 613 1642 αὐτοῖς
638 1576 748 1650 ἥκῃ
775 1575 808 1647 ἡ
842 1575 964 1631 τότε
993 1574 1279 1647 πλησμονὴ
1307 1574 1479 1629 νόσον
1500 1577 1749 1645 φέρουσα

77 1663 265 1731 συχνῷ
288 1656 525 1725 ὕστερον
542 1657 750 1732 χρόνῳ,
782 1657 877 1714 ἅτε
905 1658 1044 1713 ἄνευ
1074 1664 1175 1712 τοῦ
1201 1654 1450 1727 ὑγιεινοῦ
1467 1667 1747 1726 γεγονυῖα,

74 1739 310 1803 τούτους
328 1738 666 1795 αἰτιάσονται
685 1741 775 1795 καὶ
796 1742 1019 1806 ψέξουσι
1036 1741 1126 1795 καὶ
1145 1739 1319 1794 κακόν
1333 1760 1384 1793 τι
1398 1738 1746 1809 ποιήσουσιν,

75 1815 147 1875 ἄν
166 1816 276 1876 οἶοί
288 1818 340 1875 τ’
363 1813 479 1890 ὦσι,
497 1818 626 1885 τοῦς
643 1819 703 1875 δὲ
718 1821 1021 1889 προτέρους
1038 1823 1284 1884 ἐκείνους
1303 1822 1394 1875 καὶ
1413 1824 1619 1883 αἰτίους
1638 1825 1750 1874 τῶν

75 1907 266 1956 κακῶν
294 1902 711 1972 ἐγκωμιάσουσι.
734 1900 917 1957 καὶσὺ
940 1908 1072 1973 νῦν,
1105 1896 1150 1957 ῶ
1168 1907 1519 1971 Καλλίκλεις,
1553 1898 1746 1971 ὁμοιό-
1777 1914 1811 1954 Ε

73 2003 240 2038 τατον
250 1984 428 2056 τούτῳ
448 1981 682 2053 ἐργάζει·
702 1985 1050 2054 ἐγκωμιάζεις
1069 1982 1424 2053 ἀνθρώπους,
1445 1989 1501 2038 οἳ
1518 1982 1750 2048 τούτους

0 2069 3 2098 ³
75 2065 411 2120 είστιάκασιν
430 2062 766 2135 εὐωχοῦντες
787 2057 867 2120 ῶν
881 2067 1223 2137 ἐπεθύμουν,
1245 2070 1342 2121 καί
1355 2083 1490 2136 φασι
1502 2065 1749 2136 μεγάλην

77 2145 177 2216 τήν
196 2146 359 2201 πόλιν
378 2148 734 2218 πεποιηκέναι
762 2144 993 2212 αὐτούς·
1036 2146 1121 2204 ὅτι
1149 2148 1207 2205 δὲ
1238 2151 1377 2203 οἰδεῖ
1392 2148 1482 2203 καὶ
1502 2146 1749 2213 ὕπουλός

0 2244 6 2253 ’
76 2227 189 2281 ἐστι
210 2224 282 2281 δι’
306 2229 552 2291 ἐκείνους
573 2225 704 2292 τοὺς
725 2229 1018 2298 παλαιούς,
1060 2228 1162 2284 οὐκ
1190 2230 1571 2285 αἰσθάνονται.
1612 2227 1749 2284 ἄνευ
1776 2238 1862 2284 519

73 2305 184 2378 γὰρ
214 2308 584 2379 σωφροσύνης
612 2310 702 2363 καὶ
732 2310 1086 2380 δικαιοσύνης
1115 2314 1353 2381 λιμένων
1379 2312 1469 2365 καὶ
1499 2314 1748 2379 νεωρίων

0 2417 8 2459 3
74 2389 167 2443 καὶ
195 2394 390 2458 τειχῶν
422 2390 513 2444 καὶ
542 2389 740 2459 φόρων
758 2393 851 2446 καὶ
868 2391 1135 2446 τοιούτων
1155 2397 1447 2462 φλυαριῶν
1466 2390 1747 2463 ἐμπεπλή-

0 2531 3 2537 ⁷
76 2484 204 2524 κασι
235 2467 338 2540 τὴν
374 2469 564 2525 πόλιν·
611 2468 747 2525 ὅταν
781 2464 885 2525 οὖν
922 2477 1059 2543 ἔλθῃ
1090 2470 1123 2542 ἡ
1161 2471 1436 2545 καταβολὴ
1474 2471 1612 2544 αὕτη
1649 2478 1746 2544 τῆς

0 2555 6 2605 f
77 2545 388 2620 ἀσθενείας,
409 2551 540 2617 τούς
568 2551 691 2607 τότε
721 2551 997 2623 παρόντας
1015 2554 1351 2611 αἰτιάσονται
1371 2555 1741 2627 συμβούλους,

80 2634 447 2700 Θεμιστοκλέα
478 2633 535 2688 δὲ
556 2634 646 2689 καὶ
662 2639 894 2705 Κίμωνα
918 2637 1008 2692 καὶ
1026 2640 1296 2707 Περικλέα
1317 2638 1740 2709 ἐγκωμιάσουσι,

77 2709 211 2776 τοὺς
228 2717 433 2779 αἰτίους
452 2720 565 2771 τῶν
586 2723 801 2772 κακῶν·
840 2725 946 2773 σοῦ
975 2718 1032 2775 δὲ
1063 2727 1192 2784 ἴσως
1220 2722 1605 2792 ἐπιλήψονται,
1644 2719 1743 2776 ἐὰν

8 2810 20 2847 ’.
74 2794 151 2865 μὴ
172 2792 380 2869 εὐλαβῇ
390 2839 405 2867 ,
445 2800 536 2854 καὶ
561 2806 663 2854 τοῦ
681 2802 820 2870 ἐμοῦ
838 2803 1057 2871 ἑταίρου
1082 2801 1454 2876 Ἀλκιβιάδου,
1499 2802 1635 2859 ὅταν
1653 2806 1744 2859 καὶ
