1994 3100
175 120 245 172 14
365 170 372 171 ff
796 121 1270 168 ΠΛΑΤΩΝΟΣ

175 252 289 310 καὶ’
291 257 540 310 Ησίοδον
555 250 656 322 χρὴ
679 256 899 307 οἴεσθαι
923 254 1014 308 καὶ
1034 252 1206 307 άλλον
1218 253 1402 323 ,ὅστις
1422 255 1719 328 φρόνιμος,
1748 255 1847 312 τὸν

174 333 242 391 τὰ
263 333 440 391 αὑτοῦ
460 334 769 405 πράττοντα
791 340 991 389 τοῦτον
1011 333 1278 405 σῶφρονα
1299 344 1503 394 καλεῖν.

109 427 143 467 D
317 423 402 472 xJ.
471 409 534 470 Ώ
553 419 767 484 Κριτία,
788 409 861 486 ἦν
885 414 935 470 δ’
960 417 1093 487 ἐγώ,
1114 418 1204 472 καὶ
1224 416 1400 484 εὐθὺς
1418 418 1725 492 ἀρχομένου
1746 437 1850 474 σου

177 499 374 571 σχεδὸν
393 498 719 569 ἐμάνθανον
735 494 834 552 τὸν
852 498 1051 568 λόγον,
1090 499 1175 554 ὅτι
1193 498 1259 555 τὰ
1280 502 1453 556 οἰκεῖά
1472 524 1530 557 τε
1548 506 1636 557 καὶ
1655 500 1721 557 τὰ
1745 499 1848 557 αὑ-

174 588 279 636 τοῦ
308 578 497 650 ἀγαθὰ
528 584 777 649 καλοίης,
818 580 910 634 καὶ
937 578 1034 644 τὰς
1061 587 1175 635 τῶν
1194 580 1429 652 ἀγαθῶν
1446 582 1688 654 ποιήσεις
1708 584 1851 652 πρά-

177 667 305 728 ξεις·
345 663 436 717 καὶ
464 660 571 731 γὰρ
601 665 886 730 Προδίκου
916 667 1084 732 μυρία
1115 661 1237 718 τινὰ
1268 661 1482 734 ἀκήκοα
1500 667 1621 733 περὶ
1642 663 1852 736 ὄνομά-

175 765 288 799 των
309 747 671 810 διαιροῦντος.
712 740 835 797 ἀλλ’
869 742 976 812 ε’γω’
1006 760 1093 798 σοι
1111 750 1372 800 τίθεσθαι
1390 747 1492 816 μὲν
1510 755 1622 802 τῶν
1641 745 1851 817 ὀνομά-

175 849 290 881 των
310 830 507 896 δίδωμι
527 823 636 897 ὅπῃ
664 821 737 880 ἀν
755 825 853 897 ἕλῃ
871 827 1129 881 ἕκαστον·
1164 827 1339 897 δήλου
1361 829 1419 884 δὲ
1440 828 1616 899 μόνον
1635 828 1726 899 ἐφ’
1747 827 1778 882 ὅ
1800 851 1850 883 τι

178 905 251 963 ἀν
272 910 444 981 φέρῃς
471 905 719 977 τοῦνομα
750 904 784 961 δ’
800 929 850 961 τι
865 903 936 961 ἀν
955 912 1130 980 λέγῃς.
1168 915 1278 964 νῦν
1297 904 1404 965 οὖν
1422 911 1590 965 πάλιν
1608 913 1660 976 ἐξ
1681 909 1850 980 ἀρχῆς

112 1004 145 1044 Ε
177 992 522 1061 σαφέστερον
539 987 722 1056 ὅρισαι
737 1009 748 1020 ·
788 982 898 1058 ἀρα
915 987 1017 1059 τὴν
1037 997 1150 1045 τῶν
1170 989 1404 1060 ἀγαθῶν
1423 994 1621 1060 πρᾶξιν
1636 989 1672 1062 ἦ
1691 999 1846 1062 ποίη-

177 1068 328 1147 σινῆ
366 1075 515 1140 ὅπως
548 1073 619 1129 σύ
652 1074 842 1145 βούλει
874 1072 1192 1146 ὀνομάζειν,
1232 1075 1440 1147 ταύτην
1458 1078 1630 1146 λέγεις
1647 1073 1718 1130 σύ
1738 1092 1847 1130 σω·-

175 1159 468 1230 φροσύνην
497 1156 663 1224 εἷναι;
687 1155 921 1227 Ἔγωγε,
955 1161 1075 1228 ἔφη.
1154 1156 1274 1212 Οὐκ
1305 1157 1413 1227 ἄρα
1438 1170 1721 1229 σωφρονεῖ
1732 1156 1761 1213 ὁ
1783 1155 1849 1212 τὰ

174 1240 318 1296 κακὰ
349 1239 631 1310 πράττων,
667 1237 791 1294 ἀλλ’
813 1236 842 1293 ὁ
864 1236 931 1292 τὰ
950 1237 1163 1308 ἀγαθά;
1199 1241 1304 1294 Σοὶ
1324 1243 1400 1308 δέ,
1422 1233 1457 1310 ἦ
1476 1237 1530 1294 δ’
1549 1238 1635 1310 ὅς,
1659 1233 1705 1294 ῶ
1722 1243 1850 1311 βέλ-

175 1340 339 1392 τιστε,
363 1321 464 1392 οὐχ
483 1320 629 1377 οὕτω
652 1325 806 1376 δοκεῖ
814 1346 828 1388 ;
852 1320 970 1390 Ἔα,
990 1315 1064 1392 ἦν
1082 1325 1114 1375 δ
1123 1319 1136 1340 ’
1157 1322 1267 1391 ἐγῶ
1283 1341 1294 1352 ·
1325 1323 1397 1392 μὴ
1419 1322 1526 1391 γάρ
1547 1343 1631 1377 πω
1650 1322 1712 1376 τὸ
1734 1325 1849 1392 ἐμοὶ

178 1408 387 1460 δοκοῦν
406 1409 731 1474 σκοπῶμεν,
769 1401 893 1458 ἀλλ’
924 1401 956 1457 ὂ
984 1402 1053 1458 σὺ
1084 1405 1259 1473 λέγεις
1286 1410 1412 1459 νῦν.
1483 1403 1639 1459 Ἀλλὰ
1665 1405 1851 1475 μέντοι

174 1490 373 1558 ἔγωγε,
412 1491 544 1558 ἔφη,
588 1484 688 1541 τὸν
706 1483 779 1556 μὴ
803 1484 990 1555 ἀγαθὰ
1012 1484 1148 1541 ἄλλα
1169 1508 1313 1541 κακα
1331 1492 1600 1541 ποιοῦντα
1618 1485 1687 1541 οὔ
1710 1507 1844 1581 φημι

175 1580 519 1665 σωφρονεῖν,
547 1568 648 1623 τὸν
670 1568 728 1623 δε
749 1566 937 1637 ἀγαθοὶ
958 1566 1096 1623 ἀλλὰ
1115 1567 1188 1639 μή
1212 1566 1354 1623 κακοὶ
1375 1579 1711 1638 σωφρονεῖν
1745 1566 1848 1637 τήν

172 1651 280 1722 γάρ
312 1658 426 1706 τῶν
454 1650 688 1721 ἀγαθῶν
716 1655 917 1720 πρᾶξιν
947 1650 1322 1721 σωφροσύνην
1360 1650 1499 1706 εἶναι
1537 1655 1728 1720 σαφῶς
1762 1667 1850 1704 σοι

62 1745 144 1789 164
178 1738 493 1804 διορίζομαι.
565 1737 674 1787 Καὶ
705 1731 872 1788 οὐδέν
899 1737 964 1803 γέ
991 1749 1052 1787 σε
1072 1741 1203 1798 ἴσως
1220 1732 1425 1788 κωλύει
1444 1728 1627 1803 ἀληθῆ
1647 1734 1846 1802 λέγειν·

172 1815 300 1870 τόδε
318 1836 380 1884 γε
400 1815 613 1885 μέντοι,
656 1809 729 1884 ἧν
759 1813 811 1869 δ’
843 1815 976 1884 ε’γῶ,
1013 1815 1308 1886 θαυμάζω,
1348 1819 1399 1869 εἰ
1417 1821 1850 1884 σωφρονοῦντας

177 1895 517 1964 ἀνθρώπους
534 1895 662 1966 ἡγεῖ
675 1895 747 1951 σὺ
767 1895 991 1966 ἀγνοεῖν
1011 1895 1096 1952 ὅτι
1115 1902 1525 1967 σωφρονοῦσιν.
1582 1894 1722 1951 Ἀλλ’
1750 1894 1850 1964 οὐχ

171 1977 432 2049 ἡγοῦμαι,
472 1982 594 2049 ἔφη.
669 1976 789 2033 Οὐκ
832 1976 1021 2048 ὀλίγον
1049 1979 1350 2051 πρότερον,
1386 1984 1529 2050 ἔφην
1559 1977 1666 2049 ε’γῶ
1679 2019 1694 2047 ,
1732 1979 1848 2032 ε’λέ-

171 2082 297 2130 γετο
317 2058 427 2115 ὑπὸ
454 2066 586 2130 σοῦ,
608 2059 692 2115 ὅτι
709 2058 839 2124 τούς
860 2058 1231 2131 δημιουργοὺς
1261 2060 1428 2116 οὐδὲν
1445 2061 1646 2116 κωλύει
1664 2061 1756 2115 καὶ
1776 2053 1848 2113 αὖ

171 2142 238 2199 τὰ
257 2149 371 2198 τῶν
389 2141 577 2198 ἄλλων
595 2147 892 2206 ποιοῦντας
911 2153 1255 2212 σωφρονεῖν;
1290 2139 1526 2212 Ἐλέγετο
1547 2142 1651 2211 γάρ
1665 2183 1680 2212 ,
1714 2146 1817 2212 ἔφη
1833 2162 1843 2171 ·

174 2223 313 2279 ἀλλὰ
332 2229 390 2279 τί
401 2229 594 2290 τοῦτο;
635 2221 845 2279 Οὐδέν·
883 2221 1023 2278 ἀλλὰ
1056 2227 1179 2294 λέγε
1209 2228 1259 2279 εἰ
1278 2228 1433 2279 δοκεῖ
1445 2229 1522 2288 τίς
1541 2240 1628 2278 σοι
1645 2223 1844 2292 ἰατρός,

111 2322 142 2361 Β
173 2304 303 2375 ὑγιᾶ
335 2306 456 2361 τινοὶ
489 2313 693 2377 ποιῶν,
738 2304 986 2377 ὠφέλιμα
1013 2307 1105 2361 καὶ
1133 2306 1308 2380 ἑαυτῷ
1339 2317 1517 2361 ποιεῖν
1536 2308 1626 2360 καὶ
1653 2308 1842 2377 ἐκείνω

171 2386 239 2444 ὃν
259 2393 417 2461 ἰςότο;
437 2387 674 2460 ’Έμοιγε
752 2386 983 2444 Οὐκοῦν
998 2389 1066 2443 τὰ
1087 2391 1281 2444 δέοντα
1301 2389 1525 2459 πράττει
1544 2387 1579 2442 ὅ
1594 2409 1657 2456 γε
1675 2391 1846 2441 ταῦτα

170 2469 460 2537 πράττων;
503 2474 633 2523 Ναί.
700 2468 758 2524 Ὁ
799 2469 857 2525 δὲ
896 2472 1091 2526 δέοντα
1137 2470 1393 2539 πράττων
1429 2467 1497 2524 οὐ
1543 2480 1843 2539 σωφρονεῖ;

170 2558 475 2621 Σωφρονεῖ
505 2551 609 2620 μὲν
638 2544 757 2606 οὖν.
825 2545 897 2605 ³H
921 2547 1028 2607 οὖν
1055 2555 1146 2609 καὶ
1174 2552 1503 2623 γιγνώσκειν
1533 2550 1746 2620 ἀνάγκη
1767 2555 1846 2622 τῷ

172 2637 340 2707 ἰατρῷ
353 2674 368 2703 ,
407 2630 545 2687 ὅταν
572 2653 630 2687 τε
651 2630 938 2703 ὠφελίμως
957 2639 1100 2689 ἰᾶται
1118 2635 1210 2689 καὶ
1229 2633 1364 2689 ὅταν
1383 2633 1486 2704 μή;
1524 2633 1615 2687 καὶ
1634 2630 1841 2702 ἑκάστω

169 2721 282 2768 τῶν
319 2717 700 2784 δημιουργῶν,
746 2712 884 2770 ὅταν
919 2737 976 2770 τε
1022 2718 1191 2788 μέλλῃ
1237 2713 1541 2785 ὀνήσεσθαι
1589 2710 1696 2768 ἀπὸ
1744 2719 1845 2767 τοῦ

169 2801 337 2865 ἔργου
380 2788 452 2849 οὗ
489 2791 561 2849 ἂν
597 2795 833 2867 πράττῃ,
873 2799 963 2850 καὶ
1001 2795 1136 2850 ὅταν
1174 2796 1250 2866 μή
1263 2819 1276 2861 ;
1299 2795 1458 2860 Ἴσως
1494 2794 1576 2850 οὔ.
1642 2793 1842 2850 Ἐνίοτε
