1962 3112
123 109 227 161 262
715 109 1192 158 ΠΛΑΤΩΝΟΣ
1740 120 1798 165 64

124 242 225 300 ἐὰν
245 246 305 298 ἐν
323 248 399 316 τῷ
431 240 584 315 αὐτῷ
617 235 791 312 ώμεν,
828 239 1012 310 ὥσπερ
1045 249 1181 310 νῦν,
1220 244 1412 300 πολλοὶ
1434 242 1674 316 [ἀθρόοι]
1695 245 1796 301 ἄν-

121 333 371 395 θρωποι,
393 326 483 379 καὶ
502 321 631 394 ἡμῖν
649 317 687 395 ᾗ
706 325 767 379 έν
788 328 955 396 κοινῷ
980 323 1156 378 πολλοὶ
1175 329 1318 378 σιτία
1338 326 1428 380 καὶ
1447 326 1586 381 ποτά
1601 369 1616 396 ‚
1649 320 1796 397 ὦμεν

123 406 182 462 δὲ
201 409 558 475 παντοδαποί,
583 408 637 459 οί
651 404 754 475 μὲν
774 409 1003 474 ἰσχυροί,
1023 408 1080 459 οἱ
1093 404 1151 460 δὲ
1169 403 1443 476 ἀσθενεῖς,
1467 402 1541 471 εἷς
1562 408 1620 463 δὲ
1636 405 1796 479 ἡμῶν

121 481 157 559 ᾗ
178 486 592 557 φρονιμώτερος
612 486 735 556 περὶ
753 491 926 540 ταῦτα
941 526 955 555 ,
978 484 1164 554 ἰατρὸς
1184 485 1292 556 ὤν,
1313 480 1350 558 ᾗ
1375 488 1437 542 δέ
1441 528 1460 559 ,
1492 484 1612 542 οἷον
1633 489 1792 557 εἰκός,

122 575 237 623 τών
263 567 366 638 μὲν
396 567 774 638 ἰσχυρότερος,
812 572 925 621 τῶν
955 567 1014 621 δὲ
1053 565 1477 639 ἀσθενέστερος,
1518 568 1652 624 ἀλλο
1683 591 1734 624 τι
1760 566 1795 639 ἢ

122 642 286 713 οὗτος
300 691 315 719 ,
355 648 766 719 φρονιμώτερος
805 645 962 718 ἡμῶν
994 647 1101 718 div,
1139 654 1372 719 βελτίων
1406 651 1497 705 καὶ
1533 656 1795 720 κρείττων

121 737 269 788 ἔσται
287 738 363 798 εἰς
381 739 553 788 ταῦτα
568 757 580 796 ;

258 821 431 871 ΚΑΛ.
485 815 650 870 Πάνυ
666 836 743 884 γε.

59 908 89 950 C
261 903 385 953 ΣΩ.
438 890 511 951 ςἨ
534 891 639 952 οὖν
667 895 881 951 τούτων
911 903 1023 952 τῶν
1045 902 1231 952 σιτίων
1251 900 1418 952 πλέον
1435 894 1592 968 ἡμῶν
1611 897 1797 953 ἑκτέον

122 977 272 1050 αὐτῷ
289 1021 302 1047 ,
341 977 426 1033 ὅτι
445 983 675 1049 βελτίων
694 981 868 1048 ἐστίν,
900 974 937 1049 ἢ
957 986 1035 1052 τῷ
1052 981 1153 1050 μὲν
1176 978 1363 1050 ἄρχειν
1383 979 1562 1034 πάντα
1581 981 1795 1034 ἐκεῖνον
1816 1025 1818 1027 .

124 1065 212 1117 δεῖ
222 1062 410 1132 νέμειν
423 1104 436 1130 ,
475 1064 535 1116 ἐν
555 1061 615 1117 δὲ
635 1068 712 1134 τῷ
732 1059 1050 1117 ἀναλίσκειν
1070 1083 1128 1117 τε
1147 1060 1286 1117 αὐτὰ
1306 1063 1398 1117 καὶ
1415 1068 1794 1132 καταχρῆσθαι

123 1149 199 1208 εἰς
217 1144 278 1198 τὸ
302 1144 502 1199 ἑαυτοῦ
529 1150 686 1215 σῶμα
708 1141 776 1198 οὐ
796 1146 1252 1215 πλεονεκτητέον,
1285 1141 1422 1215 εἰμὴ
1444 1146 1625 1214 μέλλει
1645 1148 1797 1214 ζημι-

125 1233 350 1296 οῦσθαι,
375 1224 515 1282 ἀλλά
535 1231 650 1280 τῶν
669 1225 770 1296 μὲν
788 1229 976 1294 πλέον,
996 1232 1110 1282 τῶν
1131 1224 1182 1281 δ’
1206 1231 1431 1282 ἔλαττον
1452 1226 1660 1281 ἑκτέον·
1698 1223 1796 1280 ἐὰν

124 1308 183 1364 δὲ
201 1307 338 1380 τύχῃ
358 1306 585 1362 πάντων
604 1305 1005 1372 ἀσθενέστατος
1025 1306 1104 1363 ὤν
1117 1351 1131 1378 ‚
1173 1308 1399 1362 πάντων
1418 1307 1702 1378 ἐλάχιστον
1719 1313 1796 1379 τῷ

125 1395 415 1462 βελτίστῳ,
439 1383 486 1445 a?
507 1395 850 1455 Καλλίκλεις;
876 1388 978 1461 οὐχ
998 1390 1200 1460 οὕτως,
1223 1384 1267 1444 m*
1293 1388 1483 1460 ’γαθές

263 1477 436 1526 ΚΑΛ.
491 1474 627 1541 Περὶ
666 1477 808 1527 σιτία
838 1474 1011 1542 λέγεις
1038 1474 1130 1528 καὶ
1157 1471 1296 1527 ποτά
1327 1473 1417 1527 καὶ
1451 1473 1671 1541 ἰατροὺς
1705 1472 1796 1526 καὶ

59 1571 94 1610 D
129 1559 425 1624 φλυαρίας·
450 1552 557 1625 ἐγώ
583 1553 642 1609 δὲ
663 1551 731 1608 οὐ
751 1560 922 1608 ταῦτα
942 1557 1094 1624 λέγω.

261 1642 386 1691 Σῼ.
438 1635 690 1704 Πότερον
709 1630 815 1691 οὖν
833 1634 934 1691 τὸν
949 1633 1368 1707 φρονιμώτερον
1382 1639 1576 1707 βελτίω
1593 1635 1794 1703 λέγειςς

121 1719 268 1788 φάθι
285 1715 320 1789 ἢ
340 1719 427 1789 μή·

258 1806 432 1855 ΚΑΛ.
470 1799 693 1869 ’Ἐγωγε

261 1887 386 1937 ΣΩ.
441 1880 586 1938 Ἀλλ’
608 1880 676 1936 οὐ
693 1880 793 1937 τὸν
809 1887 1006 1954 βελτίω
1028 1885 1196 1936 πλέον
1218 1886 1332 1937 δεῖν
1352 1885 1492 1951 ἔχειν
1505 1905 1519 1947 ;

259 1970 430 2020 ΚΑΛ.
491 1965 576 2021 Οὐ
595 1971 784 2021 σιτίων
801 1988 863 2036 γε
883 1965 1014 2021 οὐδὲ
1032 1973 1232 2020 ποτῶν.

265 2052 389 2102 Σῼ.
454 2047 755 2103 Μανθάνω
770 2090 784 2116 ,
823 2046 945 2103 ἀλλ’
987 2056 1118 2112 ἴσως
1151 2050 1380 2117 ἱματίων
1394 2088 1407 2113 ‚
1446 2048 1534 2100 καὶ
1579 2049 1661 2100 δεῖ
1692 2043 1784 2099 τὸν

124 2129 581 2201 ὑφαντικώτατον
614 2133 872 2202 μέγιστον
908 2130 1123 2200 ἱμάτιον
1155 2135 1296 2200 ἔχειν
1332 2131 1422 2184 καὶ
1452 2136 1674 2185 πλεῖστα
1703 2129 1786 2183 καὶ

123 2212 386 2267 κάλλιστα
406 2211 789 2283 ἀμπεχόμενον
807 2214 1099 2281 περιιέναι;

263 2298 432 2347 ΚΑΛ.
483 2298 672 2348 Ποίων
690 2296 943 2364 ἱματίων;

269 2379 393 2429 ΣΩ.
442 2371 587 2429 Ἀλλ’
612 2380 689 2439 εἰς
706 2373 1034 2444 ὑποδήματα
1055 2378 1224 2445 δῆλον
1242 2373 1326 2430 ὅτι
1346 2379 1431 2430 δεῖ
1445 2380 1776 2429 πλεονεκτεῖ;

61 2475 94 2514 Ε
127 2476 226 2510 τον
246 2456 670 2526 φρονιμώτατον
689 2461 765 2521 εἰς
783 2463 953 2511 ταῦτα
974 2459 1065 2512 καὶ
1081 2458 1380 2528 βέλτιστον.
1412 2456 1512 2510 τὸν
1530 2452 1792 2509 σκυτοτό-

127 2555 235 2606 μον
253 2543 384 2601 ἰ’σως
403 2539 629 2607 μέγιστα
651 2541 738 2594 δεῖ
761 2536 1088 2609 ὑποδήματα
1106 2540 1197 2594 καὶ
1215 2545 1438 2594 πλεῖστα
1458 2535 1791 2606 ὑποδεδεμέ-

128 2638 230 2673 νον
248 2631 581 2685 περιπατεῖν.

268 2704 439 2754 ΚΑΛ.
494 2706 637 2754 Ποῖα
656 2699 1006 2773 ὑποδήματα;
1028 2709 1291 2772 φλυαρεῖς
1310 2704 1462 2770 ἔχων.

270 2786 394 2836 ΣΩ.
452 2778 595 2837 Ἀλλ’
617 2781 755 2853 εἰμὴ
777 2781 842 2837 τὰ
864 2791 1087 2838 τοιαῦτα
1106 2786 1277 2852 λέγεις
1291 2824 1304 2849 ,
1343 2789 1474 2846 ἴσως
1492 2778 1557 2836 τά
1578 2780 1788 2835 τοιοίδε·
