1962 3112
76 182 82 187 -
150 155 238 200 115
812 136 1183 200 ΓΟΡΓΙΑΣ.
1722 153 1827 207 313

151 279 355 353 ἀρετὴν
381 278 486 352 τὴν
511 287 617 338 τοῦ
645 284 866 347 δικαίως
895 280 1303 354 διαχειρίζειν“
1266 306 1301 340 α
1331 281 1403 341 ἄν
1429 307 1510 352 τις
1538 287 1822 362 ἐπιτρέπῃ·
1852 301 1896 342 Β

151 361 229 430 εἷς
266 368 326 421 δὲ
355 366 448 421 καὶ
478 365 631 421 πάνυ
659 365 947 436 ἐλλόγιμος
971 368 1167 436 γέγονε
1207 367 1299 423 καὶ
1338 371 1416 433 εἰς
1453 388 1583 433 τους
1620 365 1827 435 άλλους

135 441 418 520 Ἕλληνας,
434 445 804 520 Ἀριστείδης“
776 470 806 504 ο
819 448 1169 519 Λυσιμάχου·
1190 470 1241 504 οι
1231 449 1317 505 ’δὲ
1331 454 1541 521 πολλοί,
1559 472 1602 506 ω
1616 447 1821 521 άριστε,

145 533 307 587 κακοὶ
323 537 608 602 γίγνονται
626 537 742 585 τῶν
761 533 1066 586 δυναστῶν.

289 618 537 668 LXXXII.
591 609 764 681 ’Ὅπερ
794 606 902 667 οὖν
941 616 1163 683 ἔλεγον,
1202 609 1426 667 ἐπειδᾶν
1460 610 1490 667 ὁ
1518 608 1819 681 Ῥαδάμαν-

145 700 256 758 θυς
274 696 481 758 ἐκεῖνος
500 693 758 749 τοιοῦτόν
776 716 897 749 τινα
916 693 1115 794 MQI’,
1103 692 1238 750 ἄλλο
1260 694 1362 764 μὲν
1380 695 1504 765 περὶ
1526 692 1699 748 αὐτοῦ
1716 689 1822 748 οὐκ

144 774 293 831 οἶδεν
323 773 516 846 οὐδέν,
555 772 687 830 οὔθ’
723 773 870 840 ὅστις
902 773 1037 830 οὔθ’
1068 797 1346 843 ωντινων,
1388 772 1472 830 ὅτι
1502 773 1559 830 δὲ
1578 773 1821 844 πονηρός

140 878 247 922 τις·
287 860 378 913 καὶ
395 864 561 913 τοῦτο
582 855 824 912 κατιδων
841 854 1160 928 ἀπέπεμψεν
1181 862 1255 921 εἰς
1280 856 1597 927 Τάρταρον,
1628 857 1820 926 ἐπιση-

144 940 486 1011 μηνάμενος,
524 938 625 994 ἐάν
658 960 717 993 τε
738 939 953 1009 ἰάσιμος
979 938 1078 994 ἐάν
1100 960 1158 993 τε
1183 937 1404 1002 άνίατος
1426 941 1564 1009 δοκῇ
1584 934 1747 991 εἶναι·
1786 934 1816 991 ὁ

141 1023 201 1076 δὲ
229 1022 402 1076 ἐκεῖσε
438 1018 777 1090 ἀφικόμενος
812 1018 879 1075 τὰ
911 1019 1264 1091 προσήκοντα
1301 1019 1513 1090 πάσχει.
1550 1020 1724 1073 ἐνίοτε
1761 1016 1815 1072 δ’
1849 1027 1889 1071 G

139 1099 316 1173 ἄλλην
343 1099 567 1157 εἰσιδών
595 1098 759 1167 ὁσίως
785 1107 1122 1173 βεβιωκυῖαν
1141 1104 1232 1157 καὶ
1251 1123 1349 1173 μετ
1358 1099 1683 1172 ’ἀληθείας,
1704 1097 1817 1155 ἀν·-

141 1180 270 1252 δρὸς
298 1182 524 1239 ἰδιώτου
554 1179 591 1254 ἦ
622 1181 797 1238 ἄλλου
824 1183 1000 1255 τινός,
1039 1184 1273 1255 μάλιστα
1302 1185 1429 1254 μέν,
1466 1183 1640 1253 ἔγωγέ
1656 1203 1815 1253 φημι,

143 1256 186 1319 ὦ
205 1267 547 1332 Καλλίκλεις,
570 1265 887 1336 φιλοσόφου
907 1266 972 1320 τὰ
993 1263 1167 1321 αὑτοῦ
1187 1265 1494 1334 πράξαντος
1514 1265 1605 1320 καὶ
1625 1262 1694 1319 οὐ
1712 1282 1816 1318 πο-

146 1345 707 1416 ἰυπραγμονήσαντος
736 1349 798 1403 ἐν
827 1355 906 1422 τῷ
934 1351 1062 1421 βίω,
1097 1346 1321 1419 ἠγάσθη
1351 1369 1408 1402 τε
1437 1347 1528 1401 καὶ
1560 1348 1613 1410 ἐς
1631 1343 1815 1416 μακά-

138 1442 254 1496 *mv
286 1427 488 1498 νήσους
516 1425 815 1498 ἀπέπεμψε.
852 1426 1023 1484 ταύτὰ
1052 1435 1225 1484 ταῦτα
1254 1426 1391 1484 καὶὸ
1414 1427 1646 1491 Αἰακός·
1685 1424 1814 1483 ἑκά-

137 1529 293 1577 τερος
325 1508 382 1563 δὲ
411 1507 628 1563 τούτων
659 1509 871 1582 ῥάβδον
901 1515 1042 1581 ἔχων
1074 1511 1302 1576 δικάζει·
1346 1508 1376 1566 ὁ
1399 1510 1458 1566 δὲ
1478 1513 1674 1573 Μίνως
1695 1510 1814 1564 ἐπι-

137 1596 364 1645 σκοπῶν
382 1589 638 1661 κάθηται,
660 1591 831 1661 μόνος
850 1596 989 1662 ἔχων
1007 1599 1258 1662 χρυσοῦν
1278 1598 1587 1662 σκῆπτρον,
1612 1588 1683 1655 ὥς
1703 1610 1813 1661 φη-
1896 1599 1898 1602 ’

136 1689 226 1726 σιν
239 1669 531 1736 Ὀδυσσεὺς
550 1670 580 1727 ὁ
603 1670 844 1743 Ὁμήρου
865 1677 1003 1730 ἰδεῖν
1020 1671 1192 1728 αὐτὸν
1843 1679 1891 1721 ὓ

222 1751 461 1822 χρύσεον
482 1759 764 1823 σκῆπτρον
784 1758 1006 1824 ἔχοντα,
1026 1753 1427 1825 θεμιστεύοντα
1447 1755 1722 1807 νέκυσσιν.

133 1834 241 1905 ἐγώ
263 1835 365 1905 μὲν
383 1828 506 1905 οὖν,
529 1828 574 1890 ὦ
591 1841 941 1906 Καλλίκλεις,
978 1834 1086 1892 ὑπὸ
1118 1835 1335 1891 τούτων
1363 1840 1477 1890 τῶν
1504 1833 1688 1903 λόγων
1716 1833 1815 1887 πέ-

133 1933 375 1988 πεισμαι,
394 1917 484 1972 καὶ
505 1923 695 1972 σκοπῶ
714 1915 864 1983 ὅπως
880 1916 1276 1990 ἀποφανοῦμαι
1291 1923 1370 1990 τῷ
1389 1920 1546 1987 κριτῇ
1569 1911 1640 1979 ὡς
1658 1911 1813 1983 ὑγιε-

134 1999 340 2069 στάτην
365 1997 467 2070 τὴν
496 1997 700 2070 ψυχήν·
742 2005 951 2070 χαίρειν
981 1995 1087 2056 οὖν
1115 1999 1277 2064 ἐάσας
1296 1999 1394 2063 τὰς
1412 1996 1567 2067 τιμὰς
1586 1993 1683 2059 τὰς
1700 1999 1814 2050 τῶν

132 2086 357 2135 πολλῶν
386 2077 736 2152 ἀνθρώπων,
775 2080 879 2152 τήν
914 2080 1186 2152 ἀλήθειαν
1220 2086 1446 2135 σκοπῶν
1482 2075 1814 2147 πειράσομαι

133 2168 211 2234 τῷ
229 2160 348 2216 ὄντι
372 2159 446 2226 ως
473 2157 545 2216 ἂν
565 2162 819 2233 δύνωμαι
850 2165 1129 2235 βέλτιστος
1149 2158 1230 2217 ὦν
1248 2162 1340 2217 καὶ
1358 2165 1458 2233 ζῇν
1476 2159 1568 2214 καὶ
1588 2153 1813 2213 ἐπειδὰν

133 2240 477 2313 ἀποθνήσκω
507 2240 903 2315 ἀποθνήσκειν.
947 2250 1250 2314 παρακαλῶ
1272 2243 1439 2298 δὲκαὶ
1458 2238 1589 2305 τοὺς
1609 2238 1812 2304 ἄλλους
1840 2254 1873 2295 Ε

131 2324 343 2389 πάντας
371 2323 737 2393 ἀνθρώπους,
777 2323 910 2380 καθ’
945 2323 1081 2380 ὅσον
1111 2325 1379 2395 δύναμαι,
1417 2323 1506 2378 καὶ
1537 2318 1603 2392 δὴ
1633 2321 1724 2375 καὶ
1751 2317 1812 2375 σὲ

129 2404 556 2473 α’ντιπαρακαλῶ
578 2407 663 2461 ἐπὶ
683 2412 883 2461 τοῦτον
901 2405 1000 2461 τὸν
1013 2411 1139 2478 βίον
1158 2403 1366 2461 καὶτὸν
1382 2402 1571 2473 ἀγῶνα
1590 2408 1809 2471 τοῦτον,

130 2484 198 2544 ὃν
216 2487 324 2557 ἐγώ
346 2508 484 2557 φημι
505 2484 627 2542 ἀντὶ
647 2488 875 2543 πάντων
892 2495 1003 2543 τῶν
1023 2488 1227 2544 ἐνθάδε
1248 2485 1485 2557 ἀγώνων
1513 2482 1681 2554 εἶναι,
1718 2484 1811 2538 καὶ

128 2565 375 2634 ὀνειδίζω
394 2585 498 2638 σοι,
518 2565 603 2622 ὅτι
622 2566 722 2638 οὐχ
742 2565 855 2633 οἷός
872 2565 927 2623 τ’
945 2572 1054 2624 ἔσει
1074 2574 1261 2642 σαυτῷ
1278 2572 1582 2640 βοηθῆσαι,
1621 2559 1807 2634 ὅτανὴ

130 2651 253 2720 δίκη
273 2665 361 2704 σοι
380 2642 417 2722 ᾗ
437 2647 577 2704 καὶ
548 2671 580 2720 η
602 2646 818 2718 κρίσις
795 2649 866 2720 viv
884 2656 994 2705 νῦν
1015 2649 1081 2722 δὴ
1103 2650 1208 2721 ἐγω
1231 2654 1439 2720 ἔλεγον,
1462 2643 1601 2703 ἀλλὰ
1623 2642 1808 2701 ἐλθων

130 2730 277 2797 παρὰ
304 2728 403 2786 τόν
433 2731 698 2801 δικαστήν
731 2728 831 2785 τόν
861 2738 956 2803 τῆς
982 2737 1213 2804 Αἰγίνης
1248 2731 1403 2801 υἱόν,
1444 2727 1669 2785 ἐπειδάν
1704 2742 1808 2781 σου

126 2811 577 2882 ἐπιλαβόμενος’
553 2812 689 2884 άγῃ,
723 2811 990 2882 χασμήσει
1010 2813 1099 2869 καὶ
1120 2812 1438 2883 ἰλιγγιάσεις
1457 2800 1679 2866 ουδὲν
1641 2828 1809 2878 ηττον
1836 2818 1920 2865 ⁵27
