2020 3094
312 206 457 257 150*·
909 203 1385 251 ΠΛΑΤΩΝΟΣ
1927 210 1983 254 62

313 339 490 405 οὕτως
519 342 795 395 ἐπανισῶν
833 341 1003 407 ἔνεμε.
1044 341 1216 391 ταῦτα
1254 335 1312 390 δὲ
1346 340 1650 407 ἐμηχανᾶτο
1689 334 1983 407 εὐλάβειαν

311 427 451 493 ἔχων
479 421 552 492 μή
584 442 635 475 τι
665 422 823 489 γένος
852 418 1175 490 ἀϊστωθείη·
1212 416 1396 489 ἐπειδὴ
1441 417 1500 473 δὲ
1536 416 1719 482 αὐτοῖς
1748 418 1985 489 ἀλληλο-

317 508 578 574 φθοριῶν
597 503 872 573 διαφυγάς
891 502 1159 574 ἐπήρκεσε
1173 543 1187 571 ,
1227 498 1365 569 πρὸς
1385 499 1480 565 τὰς
1499 503 1556 556 ἐκ
1571 499 1706 566 Διὸς
1727 500 1871 572 ὥρας
1891 501 1984 557 εὐ·-

314 585 548 656 μοὲρειαν
577 588 881 656 ἐμηχανᾶτο
914 581 1220 656 ἄμφιεννὺς
1239 580 1379 637 αὐτοὶ
1399 594 1632 647 πυκναῖς
1652 605 1709 638 τε
1728 585 1877 653 θριξὶ
1897 585 1983 639 καὶ

316 678 554 738 στερεοῖς
574 670 856 738 δέρμασιν,
879 672 1085 732 ἱκανοῖς
1104 667 1206 737 μὲν
1226 662 1433 737 ἀμῦναι
1451 673 1707 737 χειμῶνα,
1732 670 1984 731 δυνατοῖς

318 751 376 806 δὲ
405 751 495 805 καὶ
524 750 804 821 καύματα,
850 751 941 804 καὶ
977 755 1052 813 εἰς
1083 747 1248 814 εὐνὰς
1275 754 1456 804 ἰοῦσιν
1484 747 1633 813 ὅπως
1655 748 1891 819 ὑπάρχοι
1918 749 1982 804 τὰ

317 829 456 886 αὐτὰ
477 838 648 886 ταῦτα
669 829 924 902 στρωμνὴ
947 836 1119 887 οἰκεία
1136 853 1193 886 τε
1214 833 1304 887 καὶ
1324 830 1609 902 αὐτοφυὴς
1629 831 1836 904 ἑκάστῳ
1851 855 1862 866 ·
1895 833 1982 887 καὶ

251 929 282 969 Β
315 913 424 969 ὑπὸ
448 918 636 970 ποδῶν
656 914 720 969 τὰ
743 914 845 985 μὲν
865 911 1080 984 ὁπλαῖς,
1122 913 1189 968 τὰ
1220 913 1278 969 δὲ
1310 913 1465 979 ὄνυξι
1496 916 1584 970 καὶ
1615 917 1842 985 δέρμασι
1865 933 1982 970 στεν-

317 1009 459 1067 ρεοῖς
484 998 575 1052 καὶ
594 994 860 1067 ἀναίμοις.
893 995 1127 1051 τούντεῦ
1137 1005 1235 1051 θεν
1253 995 1463 1067 τροφὰς
1482 995 1667 1062 ἄλλοις
1688 997 1856 1064 ἄλλας
1875 1001 1982 1064 ἐξε-

316 1080 502 1150 πόριζε
516 1122 529 1149 ,
561 1092 673 1144 τοῖς
702 1078 801 1150 μὲν
822 1081 880 1134 ἐκ
899 1085 1000 1149 γῆς
1015 1078 1278 1150 βοτάνην,
1300 1080 1485 1145 ἄλλοις
1504 1081 1563 1136 δὲ
1583 1084 1829 1149 δένδρων
1848 1102 1984 1149 καρ-

315 1163 472 1233 πούς,
494 1174 605 1227 τοῖς
627 1162 685 1218 δὲ
705 1165 871 1232 ῥίζας·
894 1165 1006 1217 ἔστι
1032 1159 1082 1215 δ’
1110 1157 1191 1225 οἷς
1210 1165 1417 1216 ἔδωκεν
1437 1161 1577 1218 εἶναι
1595 1161 1812 1234 τροφὴν
1831 1163 1984 1228 ζώων

317 1245 503 1300 ἄλλων
522 1244 727 1316 βοράν·
759 1246 851 1300 καὶ
876 1257 987 1309 τοῖς
1016 1243 1116 1315 μὲν
1138 1241 1490 1314 ὀλιγογονίαν
1506 1252 1775 1317 προσῆψε,
1796 1247 1907 1310 τοῖς
1928 1244 1980 1300 δ’

315 1327 766 1397 ἀναλισκομένοις
800 1325 911 1382 ὑπὸ
947 1327 1163 1382 τούτων
1199 1331 1566 1397 πολυγονίαν,
1608 1332 1881 1398 σωτηρίαν
1908 1335 1983 1402 τςδ

313 1413 462 1480 γένει
480 1414 732 1480 πορίζων.
756 1407 851 1464 ἅτε
876 1406 942 1479 δὴ
965 1402 1070 1464 οὖν
1092 1407 1160 1464 οὐ
1181 1408 1331 1464 πάνυ
1349 1432 1400 1464 τι
1420 1409 1593 1480 σοφὸς
1616 1406 1695 1465 ὢν
1714 1409 1742 1466 ὁ
1760 1409 1982 1481 Ἐπιμη-

251 1503 283 1545 G
312 1489 452 1556 θεὺς
485 1496 688 1547 ἔλαθεν
718 1488 892 1546 αὑτὸν
918 1492 1310 1556 καταναλώσας
1340 1490 1439 1557 τοὶς
1459 1492 1746 1563 δυνάμεις·
1786 1492 1984 1549 λοιπὸν

315 1572 381 1645 δὴ
404 1573 720 1644 ἀκόσμητον
740 1577 816 1627 ἔτι
845 1570 995 1646 αὐτῷ
1017 1566 1087 1643 ἦν
1106 1572 1166 1628 τὸ
1189 1573 1508 1645 ἀνθρώπων
1527 1578 1713 1646 γένος,
1733 1578 1823 1631 καὶ
1842 1574 1984 1646 ἠπό-

315 1678 398 1725 ρει
417 1655 449 1712 ὅ
467 1678 518 1711 τι
534 1656 809 1727 χρήσαιτο.
844 1653 1147 1726 ἀποροῦντι
1173 1655 1231 1711 δὲ
1251 1655 1402 1731 αὐτῷ
1421 1661 1629 1727 ἔρχεται
1645 1656 1984 1729 Προμηθεὺς

314 1739 743 1810 ἐπισκεψόμενος
774 1736 877 1809 τὴν
908 1736 1112 1808 νομήν,
1145 1740 1237 1795 καὶ
1266 1737 1372 1812 ὁρᾷ
1390 1738 1455 1794 τὰ
1481 1741 1582 1810 μὲν
1602 1738 1740 1795 ἄλλα
1760 1745 1868 1806 ζῶα
1887 1743 1983 1810 ἐμ-

314 1828 491 1892 μελῶς
522 1822 748 1875 πάντων
776 1824 994 1890 ἔχοντα,
1033 1817 1130 1875 τὸν
1159 1822 1218 1877 δὲ
1246 1820 1554 1891 ἄνθρωπον
1582 1823 1800 1893 γυμνόν
1819 1845 1875 1877 τε
1895 1824 1981 1878 καὶ

316 1901 671 1973 ἀνυπόδητον
707 1903 798 1957 καὶ
843 1901 1127 1971 ἄστρωτον
1173 1905 1263 1959 καὶ
1299 1903 1535 1959 ἄοπλον·
1581 1904 1685 1974 ἤδη
1726 1906 1784 1961 δὲ
1821 1907 1912 1960 καὶ
1948 1913 1979 1974 η

314 1987 611 2056 εἱμαρμένη
642 1983 817 2056 ἡμέρα
848 1990 1058 2055 παρῆν,
1090 1988 1151 2039 ἐν
1170 1978 1208 2056 ᾗ
1229 1989 1335 2040 ἔδει
1355 1987 1444 2040 καὶ
1465 1986 1771 2056 ἄνθρωπον
1790 1989 1982 2051 ἐξιέναι

312 2072 372 2125 ἐκ
391 2077 490 2140 γῆς
520 2074 594 2133 εἰς
629 2074 759 2139 φῶς.
803 2066 1006 2141 ἀπορία
1032 2062 1136 2123 οὖν
1155 2069 1410 2139 ἐχόμενος
1430 2067 1458 2123 ὁ
1479 2068 1842 2139 Προμηθεύς,
1880 2068 1983 2138 ἥν-

312 2174 436 2214 τινα
474 2156 749 2222 σωτηρίαν
782 2157 859 2223 τῷ
898 2148 1181 2224 ἀνθρώπῳ
1224 2149 1404 2220 εὕροι,
1442 2154 1656 2206 κλέπτει
1678 2149 1982 2221 “Ηφαίστου
2006 2156 2019 2165 ”

247 2250 281 2290 D
311 2236 401 2291 καὶ
419 2234 657 2306 Ἀθηνᾶς
676 2230 778 2303 τὴν
805 2239 1061 2303 ἔντεχνον
1089 2240 1294 2303 σοφίαν
1322 2232 1431 2288 σὺν
1452 2243 1587 2304 πυρί
1602 2268 1674 2275 -
1699 2230 1980 2305 ἀμήχανον

309 2339 417 2387 γαρ
446 2340 520 2388 ην
550 2315 688 2371 ἄνευ
716 2313 892 2384 πυρὸς
921 2315 1096 2386 αὐτην
1124 2315 1326 2387 κτητήν
1353 2338 1428 2371 τω
1457 2312 1494 2386 ἢ
1521 2321 1791 2386 χρησίμην
1826 2319 1983 2385 γενέ-
2014 2325 2020 2375 'i

310 2407 447 2454 σθαι
483 2433 552 2441 ——-
588 2399 679 2454 καὶ
714 2396 859 2453 οὕτω
903 2396 967 2468 δὴ
997 2402 1248 2466 δωρεῖται
1277 2395 1575 2471 ανθρώπω.
1616 2398 1716 2469 τὴν
1747 2399 1847 2468 μὲν
1877 2402 1982 2454 οὐν
2011 2425 2013 2451 1

310 2483 436 2552 περὶ
454 2480 556 2537 τόν
572 2486 699 2552 βίον
719 2486 923 2551 σοφίαν
944 2480 1245 2548 α’νθρωπος
1262 2480 1433 2552 ταύτῃ
1456 2486 1592 2550 ἔσχε,
1614 2479 1716 2550 τὴν
1744 2480 1803 2535 δε
1822 2488 1925 2537 πολ
1931 2505 1982 2536 ι-
2008 2512 2011 2554 :¹

310 2564 470 2635 τικὴν
498 2562 601 2618 οὐκ
633 2562 802 2633 εἶχεν·
840 2556 912 2634 ἦν
941 2561 1048 2633 γὰρ
1080 2562 1229 2632 παρὰ
1256 2568 1331 2635 τῷ
1361 2567 1481 2618 Διί·
1516 2569 1593 2634 τῷ
1612 2562 1669 2617 δὲ
1687 2568 1980 2633 Προμηθεῖ
2007 2559 2009 2598 ³

311 2651 386 2710 εἰς
413 2645 515 2716 μὲν
545 2645 647 2717 τὴν
674 2645 982 2717 ἀκρόπολιν
1013 2643 1114 2716 τὴν
1143 2652 1243 2700 τοῦ
1264 2643 1401 2710 Διὸς
1419 2653 1633 2716 οἴκησιν
1654 2643 1837 2701 οὐκέτι
1856 2649 1974 2702 ἐνε-
1991 2703 2005 2711 .,

309 2727 474 2799 χω’ρει
503 2734 801 2784 εἰσελθεῖν·
841 2726 980 2798 πρὸς
1010 2727 1068 2783 δὲ
1097 2730 1186 2784 καὶ
1215 2731 1276 2783 αἱ
1301 2727 1437 2791 Διὸς
1468 2731 1710 2798 φυλακαὶ
1743 2731 1977 2800 φοβεραὶ

248 2825 280 2866 Ε
307 2804 478 2881 ἦσαν·
501 2815 575 2874 εἰς
596 2810 654 2866 δὲ
674 2809 734 2865 τὸ
759 2817 854 2881 τῆς
870 2808 1113 2881 Ἀθηνᾶς
1130 2812 1220 2866 καὶ
1235 2809 1538 2881 Ἡφαίστου
1557 2818 1755 2882 οἴκημα
1775 2811 1834 2866 τὸ
1859 2833 1976 2866 uov-
1992 2808 2003 2885 ,ζ

306 2892 437 2958 νόν,
475 2894 537 2948 ἐν
566 2885 612 2968 ᾦ
630 2896 1078 2965 έφιλοτεχνείτην,
1102 2891 1298 2950 λαθών
1317 2894 1637 2965 εἰσέρχεται,
1669 2895 1755 2949 καὶ
1778 2890 2001 2969 κλέψαςᾎ
