1962 3112
332 54 339 58 ,
838 31 853 59 ῑ
911 2 1325 61 ¹-·v.=‘.<¹³*‚...„mxu‘Q

0 92 9 147 Ῐ
70 83 128 174 §5
413 91 420 94 ’
526 82 542 110 ⁵
634 118 1179 178 ΜΕΝΕΞΕΝΟΣ
1645 124 1750 178 457

69 261 281 329 θεμένη
300 259 425 324 περὶ
446 254 578 323 τούς
595 263 710 312 τῶν
727 260 788 312 ἐν
804 258 883 330 τῷ
913 258 1131 331 πολέμῳ
1150 259 1602 330 τελευτησάντων
1620 271 1752 317 παῦ-

72 341 172 405 ἆάς
188 362 246 395 τε
265 342 357 396 καὶ
376 340 715 412 γεννήτορας
740 341 1096 410 ἐπιμελεῖται,
1126 341 1218 396 καὶ
1242 342 1620 412 διαφερόντως
1638 350 1751 398 τῶν

70 420 255 477 ἄλλων
282 429 524 477 πολιτῶν
555 423 951 491 προστέτακται
983 421 1284 491 φυλάττειν
1310 421 1453 495 άρχῇ
1479 420 1622 494 ἥπερ
1653 445 1752 494 με-
1779 431 1865 476 249

68 507 226 574 γίστη
258 506 432 573 ἐστίν,
471 502 620 568 ὅπως
653 499 726 558 ἂν
755 506 811 558 οί
835 503 1051 558 τούτων
1090 502 1164 575 μὴ
1195 503 1493 560 ἀδικῶνται
1523 508 1751 575 πατέρες

70 605 129 639 τε
146 587 236 641 καὶ
256 590 505 657 μητέρες·
557 585 689 650 τοὺς
708 585 767 641 δὲ
797 588 994 650 παῖδας
1015 592 1378 656 συνεκτρέφει
1398 585 1538 658 αύτή
1550 628 1566 656 ,
1609 606 1752 657 προ-

71 668 402 737 θυμουμένη
423 666 454 723 ὅ
474 690 526 723 τι
554 665 763 739 μάλιστ’
789 667 998 738 ἄδηλον
1027 666 1212 732 αὐτοῖς
1238 667 1342 739 τὴν
1360 666 1638 739 ὀρφανίαν
1656 691 1752 739 γε·

69 751 298 819 νέσθαι,
338 753 398 804 ἐν
434 749 641 820 πατρὸς
677 750 911 821 σχήματι
942 756 1256 805 καταστᾶσα
1286 748 1475 815 αὐτοῖς
1509 748 1651 822 αὐτὴ
1675 756 1753 806 ἔτι

68 854 127 888 τε
146 835 335 888 παισὶν
360 827 514 904 οὖσι,
552 835 645 889 καὶ
663 831 890 888 ἐπειδάν
910 837 985 897 εἰς
1004 829 1209 901 ἀνδρὸς
1229 835 1382 897 τέλος
1402 840 1587 902 ἴωσιν,
1610 832 1752 888 άπο-

70 919 269 987 πέμπει
298 919 383 971 ἐπὶ
409 915 475 971 τὰ
510 914 722 987 σφέτερ’
745 914 933 970 αὐτῶν
963 921 1242 988 πανοπλίᾳ
1266 914 1618 986 κοσμήσασα,
1661 917 1749 971 ἐν·

70 1002 403 1070 δεικνυμένη
444 1001 536 1055 καὶ
573 998 1072 1070 άναμιμνήσκουσα
1108 997 1175 1053 τὰ
1211 1005 1314 1054 τοῦ
1342 996 1548 1066 πατρὸς
1567 1000 1754 1068 ἐπιτηψ

72 1081 315 1152 δεύματα
345 1082 559 1152 ὄργανα
588 1089 684 1153 τῆς
715 1080 974 1151 πατρῴας
1003 1080 1200 1153 ἀρετῆς
1220 1085 1481 1151 διδοῦσα,
1519 1083 1611 1136 καὶ
1637 1079 1752 1151 ἅμα
1781 1097 1814 1138 Β

74 1169 280 1219 οἰωνοῦ
315 1164 476 1235 χάριν
515 1164 787 1235 ἄρχεσθαι
823 1167 963 1220 ἰέναι
999 1167 1086 1220 ἐπὶ
1123 1162 1226 1235 τὴν
1265 1163 1531 1237 πατρῴαν
1568 1165 1753 1219 ἑστίαν

77 1245 310 1313 ἄρξοντα
347 1245 455 1317 μετ’
498 1247 687 1318 ἰσχύος
722 1246 913 1311 ὅπλοις
948 1249 1379 1317 κεκοσμημένον.
1451 1243 1658 1311 αὐτοὺς
1695 1245 1755 1301 δὲ

77 1328 200 1393 τοὺς
216 1329 652 1401 τελευτήσαντας
670 1336 881 1400 τιμῶσα
902 1325 1166 1383 οὐδέποτε
1190 1330 1452 1399 ἐκλείπει,
1473 1325 1602 1383 καθ’
1624 1329 1756 1383 ἕκα-

70 1428 204 1466 στον
222 1411 481 1466 ἐνιαυτὸν
500 1410 639 1482 αὐτὴ
671 1410 737 1467 τά
771 1411 1104 1483 νομιζόμενα
1124 1416 1365 1465 ποιοῦσα
1384 1417 1546 1483 κοινῇ
1565 1415 1753 1482 πᾶσιν,

72 1490 210 1561 ἅπερ
233 1496 344 1566 ἰδίᾳ
365 1493 576 1567 ἑκάστῳ
597 1498 710 1549 ἴδια
727 1499 1004 1564 γίγνεται,
1044 1491 1184 1561 πρὸς
1215 1494 1272 1548 δὲ
1291 1493 1510 1558 τούτοις
1533 1492 1755 1564 ἀγῶνας

31 1626 38 1631 .
71 1573 375 1647 γυμνικούς
395 1579 486 1631 καὶ
506 1574 766 1641 ἱππικοὺς
784 1583 1001 1632 τυθεῖσα
1021 1576 1111 1630 καὶ
1129 1581 1400 1646 μουσικῆς
1418 1574 1621 1646 πάσης,
1662 1577 1756 1631 καὶ

0 1725 1 1732 ¹
71 1657 312 1728 ἀτεχνῶς
329 1665 443 1713 τῶν
461 1660 562 1730 μὲν
581 1657 1031 1731 τελευτησάντων
1051 1659 1114 1713 ἐν
1126 1657 1482 1729 κληρονόμου
1499 1657 1591 1713 καὶ
1606 1660 1755 1723 υίέος

72 1748 239 1812 μοίρᾳ
259 1749 637 1811 καθεστηκυῖα
653 1783 669 1811 ,
707 1747 821 1796 τῶν
841 1745 899 1797 δὲ
919 1743 1088 1796 υίέων
1112 1744 1171 1795 ἐν
1192 1739 1426 1810 πατρός,
1464 1740 1679 1811 γονέων
1696 1742 1756 1796 δὲ
1786 1763 1817 1804 c

71 1825 164 1880 καὶ
199 1829 313 1878 τῶν
346 1822 616 1880 τοιούτων
645 1826 706 1879 ἐν
737 1823 1065 1894 ἐπιτρόπου,
1115 1830 1299 1879 πᾶσαν
1339 1823 1569 1878 πάντων
1605 1820 1754 1894 παρὰ

72 1905 252 1961 πάντα
271 1905 371 1962 τὸν
388 1906 597 1977 χρόνον
615 1906 927 1980 ἐπιμέλειαν
958 1908 1277 1977 ποιουμένη.
1340 1898 1420 1961 ὦν
1446 1905 1547 1977 χρὴ
1580 1908 1755 1961 ἐνθυ-

69 1990 387 2058 μουμένους
403 1988 718 2060 πραότερον
737 1992 927 2059 φέρειν
946 1987 1048 2059 τὴν
1067 1989 1363 2059 ξυμφοράν
1377 2009 1388 2019 ·
1439 1999 1551 2051 τοῖς
1569 2009 1626 2042 τε
1645 1985 1754 2058 γὰρ

72 2071 431 2141 τελευτήσασι
449 2072 538 2126 καὶ
568 2084 680 2135 τοῖς
708 2075 876 2137 ζῶσιν
896 2069 1075 2135 οὕτως
1094 2068 1168 2126 οἲν
1187 2072 1652 2140 προσφιλέστατοι
1673 2077 1755 2127 εί-

71 2175 164 2226 ητε
185 2156 275 2208 καὶ
294 2156 488 2225 ὁᾷστοι
507 2153 846 2222 θεραπεύειν
867 2175 926 2209 τε
957 2155 1048 2208 καὶ
1064 2152 1499 2222 θεραπεύεσθαι.
1558 2158 1667 2207 νῦν
1696 2152 1755 2209 δὲ

70 2235 178 2305 ἤδη
210 2234 364 2306 ὑμεῖς
394 2258 451 2291 τε
484 2239 574 2292 καὶ
605 2240 662 2292 οἰ
687 2235 843 2293 ἄλλοι
873 2237 1076 2301 πάντες
1107 2241 1268 2308 κοινῇ
1289 2233 1426 2291 κατὰ
1448 2233 1548 2290 τὸν
1575 2233 1755 2306 νόμον

71 2316 204 2383 τούς
221 2319 675 2390 τετελευτηκότας
693 2317 1190 2390 ἀπολοφυράμενοι
1212 2318 1384 2374 ἄπιτε.

218 2406 369 2457 ΧΧΙΙ.
446 2393 631 2466 Οὗτός
649 2418 734 2456 σοι
765 2399 794 2457 ὁ
818 2402 1008 2474 λόγος,
1050 2397 1095 2458 ὦ
1119 2406 1423 2471 Μενέξενε,
1457 2399 1754 2464 Ἀσπασίας

71 2488 167 2553 τῆς
187 2487 465 2553 Μιλησίας
489 2485 653 2538 ἐστίν.
1795 2493 1826 2532 υ

215 2571 402 2620 ΜΕΝ.
458 2565 549 2636 Νὴ
571 2570 710 2635 Δία,
749 2558 794 2620 ὦ
823 2565 1145 2637 Σώκρατες,
1182 2571 1460 2639 μακαρίαν
1489 2587 1551 2637 γε
1583 2566 1756 2635 λέγεις

73 2646 177 2716 τὴν
191 2645 492 2702 Ἀσπασίαν
506 2690 518 2714 ,
546 2652 597 2703 εί
607 2645 749 2719 γυνή
774 2640 917 2703 οὖσα
937 2648 1225 2715 τοιούτους
1244 2650 1447 2721 λόγους
1469 2651 1557 2705 οἵα
1576 2646 1619 2704 τ’
1643 2648 1755 2703 ἐστὶ

74 2732 414 2787 συντιθέναι.
