<?xml version="1.0" encoding="UTF-8"?>
<!DOCTYPE html PUBLIC "-//W3C//DTD XHTML 1.0 Transitional//EN"
    "http://www.w3.org/TR/xhtml1/DTD/xhtml1-transitional.dtd">
<html xmlns="http://www.w3.org/1999/xhtml" xml:lang="en" lang="en">
 <head>
  <title>
</title>
<meta http-equiv="Content-Type" content="text/html;charset=utf-8" />
  <meta name='ocr-system' content='tesseract 3.04.00' />
  <meta name='ocr-capabilities' content='ocr_page ocr_carea ocr_par ocr_line ocrx_word'/>
</head>
<body>
  <div class='ocr_page' id='page_1' title='image "./dialogisecumdumt03platuoft_0177.png"; bbox 0 0 2020 3094; ppageno 0'>
   <div class='ocr_carea' id='block_1_1' title="bbox 124 0 1116 28">
    <p class='ocr_par' dir='ltr' id='par_1_1' title="bbox 124 0 1116 28">
     <span class='ocr_line' id='line_1_1' title="bbox 124 0 1115 18; baseline 0.004 -9"><span class='ocrx_word' id='word_1_1' title='bbox 124 0 243 17; x_wconf 48' lang='lat' dir='ltr'><strong><em>v—‚j</em></strong></span> <span class='ocrx_word' id='word_1_2' title='bbox 293 0 439 13; x_wconf 51' lang='lat' dir='ltr'><strong><em>v-&#39;rm-„u</em></strong></span> <span class='ocrx_word' id='word_1_3' title='bbox 476 0 702 18; x_wconf 54' lang='lat' dir='ltr'><strong><em>“vi-*nsso‘f</em></strong></span> <span class='ocrx_word' id='word_1_4' title='bbox 730 0 773 11; x_wconf 62' lang='grc' dir='ltr'><strong><em>-ι,</em></strong></span> <span class='ocrx_word' id='word_1_5' title='bbox 807 0 890 15; x_wconf 59' lang='lat' dir='ltr'><strong><em>*q*-</em></strong></span> <span class='ocrx_word' id='word_1_6' title='bbox 946 0 973 12; x_wconf 61' lang='grc' dir='ltr'><strong><em>Ἴ·</em></strong></span> <span class='ocrx_word' id='word_1_7' title='bbox 1050 0 1115 11; x_wconf 52' lang='lat'><strong><em>⁷*-</em></strong></span> 
     </span>
     <span class='ocr_line' id='line_1_2' title="bbox 130 20 1116 28; baseline -0.004 4"><span class='ocrx_word' id='word_1_8' title='bbox 130 24 137 25; x_wconf 26' lang='grc' dir='ltr'><strong><em>ἶ</em></strong></span> <span class='ocrx_word' id='word_1_9' title='bbox 1107 20 1116 28; x_wconf 69' lang='lat'>0</span> 
     </span>
    </p>
   </div>
   <div class='ocr_carea' id='block_1_2' title="bbox 22 79 1760 145">
    <p class='ocr_par' dir='ltr' id='par_1_2' title="bbox 22 79 1760 145">
     <span class='ocr_line' id='line_1_3' title="bbox 22 79 1760 145; baseline -0.004 -12"><span class='ocrx_word' id='word_1_10' title='bbox 22 140 26 145; x_wconf 90' lang='lat'><em>.</em></span> <span class='ocrx_word' id='word_1_11' title='bbox 82 91 138 134; x_wconf 70' lang='lat'><strong><em>⁵⁵</em></strong></span> <span class='ocrx_word' id='word_1_12' title='bbox 629 80 795 128; x_wconf 76' lang='lat'><em>111252.</em></span> <span class='ocrx_word' id='word_1_13' title='bbox 813 80 1202 129; x_wconf 76' lang='grc' dir='ltr'><em>ΤΑΓΟΡΑΣ.</em></span> <span class='ocrx_word' id='word_1_14' title='bbox 1662 79 1760 128; x_wconf 67' lang='lat'><strong><em>143</em></strong></span> 
     </span>
    </p>
   </div>
   <div class='ocr_carea' id='block_1_3' title="bbox 0 155 51 3094">
    <p class='ocr_par' dir='ltr' id='par_1_3' title="bbox 0 155 51 3094">
     <span class='ocr_line' id='line_1_4' title="bbox 0 155 51 2385; baseline 0 -1213"><span class='ocrx_word' id='word_1_15' title='bbox 0 155 51 2385; x_wconf 95' lang='lat' dir='ltr'><strong><em>      </em></strong></span> 
     </span>
     <span class='ocr_line' id='line_1_5' title="bbox 0 2385 34 3094; baseline 0 0"><span class='ocrx_word' id='word_1_16' title='bbox 0 2385 34 3094; x_wconf 95' lang='lat' dir='ltr'><strong><em> </em></strong></span> 
     </span>
    </p>
   </div>
   <div class='ocr_carea' id='block_1_4' title="bbox 0 213 1813 2842">
    <p class='ocr_par' dir='ltr' id='par_1_4' title="bbox 10 213 1761 764">
     <span class='ocr_line' id='line_1_6' title="bbox 11 213 1761 287; baseline -0.002 -15"><span class='ocrx_word' id='word_1_17' title='bbox 11 237 19 248; x_wconf 86' lang='lat'><strong>·</strong></span> <span class='ocrx_word' id='word_1_18' title='bbox 82 238 173 281; x_wconf 88' lang='grc' dir='ltr'><strong><em>νες</em></strong></span> <span class='ocrx_word' id='word_1_19' title='bbox 191 217 283 272; x_wconf 78' lang='grc' dir='ltr'><strong><em>καὶ</em></strong></span> <span class='ocrx_word' id='word_1_20' title='bbox 302 222 415 272; x_wconf 76' lang='grc' dir='ltr'><strong><em>τῶν</em></strong></span> <span class='ocrx_word' id='word_1_21' title='bbox 434 217 742 286; x_wconf 77' lang='grc' dir='ltr'><strong><em>ἐπιχωρίων</em></strong></span> <span class='ocrx_word' id='word_1_22' title='bbox 760 215 821 269; x_wconf 79' lang='grc' dir='ltr'><strong><em>ἐν</em></strong></span> <span class='ocrx_word' id='word_1_23' title='bbox 838 219 919 287; x_wconf 75' lang='grc' dir='ltr'><strong><em>τῷ</em></strong></span> <span class='ocrx_word' id='word_1_24' title='bbox 937 219 1101 285; x_wconf 74' lang='grc' dir='ltr'><strong><em>χορῷ.</em></strong></span> <span class='ocrx_word' id='word_1_25' title='bbox 1126 219 1329 270; x_wconf 87' lang='grc' dir='ltr'><strong><em>τοῦτον</em></strong></span> <span class='ocrx_word' id='word_1_26' title='bbox 1346 213 1446 270; x_wconf 87' lang='grc' dir='ltr'><strong><em>τὸν</em></strong></span> <span class='ocrx_word' id='word_1_27' title='bbox 1462 213 1632 285; x_wconf 83' lang='grc' dir='ltr'><strong><em>χορὸν</em></strong></span> <span class='ocrx_word' id='word_1_28' title='bbox 1650 217 1761 284; x_wconf 85' lang='grc' dir='ltr'><strong><em>μά-</em></strong></span> 
     </span>
     <span class='ocr_line' id='line_1_7' title="bbox 18 291 1758 369; baseline -0.003 -15"><span class='ocrx_word' id='word_1_29' title='bbox 18 331 26 355; x_wconf 39' lang='grc' dir='ltr'><strong><em>ν,</em></strong></span> <span class='ocrx_word' id='word_1_30' title='bbox 78 306 234 353; x_wconf 84' lang='grc' dir='ltr'><strong><em>λιστα</em></strong></span> <span class='ocrx_word' id='word_1_31' title='bbox 253 303 426 369; x_wconf 76' lang='grc' dir='ltr'><strong><em>ἔγωγε</em></strong></span> <span class='ocrx_word' id='word_1_32' title='bbox 445 295 583 352; x_wconf 79' lang='grc' dir='ltr'><strong><em>ἰδων</em></strong></span> <span class='ocrx_word' id='word_1_33' title='bbox 598 294 806 367; x_wconf 78' lang='grc' dir='ltr'><strong><em>ἥσθην,</em></strong></span> <span class='ocrx_word' id='word_1_34' title='bbox 831 291 905 359; x_wconf 82' lang='grc' dir='ltr'><strong><em>ώς</em></strong></span> <span class='ocrx_word' id='word_1_35' title='bbox 922 299 1105 359; x_wconf 76' lang='grc' dir='ltr'><strong><em>καλῶς</em></strong></span> <span class='ocrx_word' id='word_1_36' title='bbox 1123 292 1467 367; x_wconf 78' lang='grc' dir='ltr'><strong><em>εὐλαβοῦντο</em></strong></span> <span class='ocrx_word' id='word_1_37' title='bbox 1487 297 1758 366; x_wconf 85' lang='grc' dir='ltr'><strong><em>μηδέποτε</em></strong></span> 
     </span>
     <span class='ocr_line' id='line_1_8' title="bbox 10 373 1755 454; baseline -0.003 -18"><span class='ocrx_word' id='word_1_38' title='bbox 10 411 16 415; x_wconf 32' lang='lat' dir='ltr'><em>ff</em></span> <span class='ocrx_word' id='word_1_39' title='bbox 76 379 335 452; x_wconf 76' lang='grc' dir='ltr'><strong><em>ἐμποδών</em></strong></span> <span class='ocrx_word' id='word_1_40' title='bbox 352 383 415 436; x_wconf 78' lang='grc' dir='ltr'><strong><em>ἐν</em></strong></span> <span class='ocrx_word' id='word_1_41' title='bbox 440 385 519 454; x_wconf 78' lang='grc' dir='ltr'><strong><em>τῷ</em></strong></span> <span class='ocrx_word' id='word_1_42' title='bbox 538 386 797 448; x_wconf 83' lang='grc' dir='ltr'><strong><em>προσθεν</em></strong></span> <span class='ocrx_word' id='word_1_43' title='bbox 816 375 958 432; x_wconf 86' lang='grc' dir='ltr'><strong><em>εἶναι</em></strong></span> <span class='ocrx_word' id='word_1_44' title='bbox 975 376 1391 448; x_wconf 72' lang='grc' dir='ltr'><em>Πρωταγόρου,</em></span> <span class='ocrx_word' id='word_1_45' title='bbox 1430 373 1545 432; x_wconf 79' lang='grc' dir='ltr'><strong><em>ἀλλ’</em></strong></span> <span class='ocrx_word' id='word_1_46' title='bbox 1570 374 1755 447; x_wconf 84' lang='grc' dir='ltr'><strong><em>ἐπειδὴ</em></strong></span> 
     </span>
     <span class='ocr_line' id='line_1_9' title="bbox 14 451 1757 531; baseline -0.003 -13"><span class='ocrx_word' id='word_1_47' title='bbox 14 496 19 502; x_wconf 87' lang='lat'>·</span> <span class='ocrx_word' id='word_1_48' title='bbox 75 460 244 527; x_wconf 79' lang='grc' dir='ltr'><strong><em>αὐτὸς</em></strong></span> <span class='ocrx_word' id='word_1_49' title='bbox 274 459 615 531; x_wconf 85' lang='grc' dir='ltr'><strong><em>άναστρέφοι</em></strong></span> <span class='ocrx_word' id='word_1_50' title='bbox 647 460 738 514; x_wconf 86' lang='grc' dir='ltr'><strong><em>καὶ</em></strong></span> <span class='ocrx_word' id='word_1_51' title='bbox 769 461 828 514; x_wconf 76' lang='grc' dir='ltr'><strong><em>οἱ</em></strong></span> <span class='ocrx_word' id='word_1_52' title='bbox 851 480 949 528; x_wconf 94' lang='grc' dir='ltr'><strong><em>μετ</em></strong></span> <span class='ocrx_word' id='word_1_53' title='bbox 950 455 1227 529; x_wconf 81' lang='grc' dir='ltr'><strong><em>’ἐκείνου,</em></strong></span> <span class='ocrx_word' id='word_1_54' title='bbox 1251 451 1317 513; x_wconf 83' lang='grc' dir='ltr'><strong><em>εὖ</em></strong></span> <span class='ocrx_word' id='word_1_55' title='bbox 1335 480 1451 523; x_wconf 89' lang='grc' dir='ltr'><strong><em>πως</em></strong></span> <span class='ocrx_word' id='word_1_56' title='bbox 1469 459 1560 514; x_wconf 85' lang='grc' dir='ltr'><strong><em>καὶ</em></strong></span> <span class='ocrx_word' id='word_1_57' title='bbox 1578 459 1638 512; x_wconf 79' lang='grc' dir='ltr'><strong><em>ἐν</em></strong></span> <span class='ocrx_word' id='word_1_58' title='bbox 1656 457 1757 513; x_wconf 89' lang='grc' dir='ltr'><strong><em>κό-</em></strong></span> 
     </span>
     <span class='ocr_line' id='line_1_10' title="bbox 15 532 1754 619; baseline -0.002 -20"><span class='ocrx_word' id='word_1_59' title='bbox 15 585 23 619; x_wconf 76' lang='lat' dir='ltr'>t</span> <span class='ocrx_word' id='word_1_60' title='bbox 83 561 194 617; x_wconf 73' lang='grc' dir='ltr'><strong><em>Ξμω</em></strong></span> <span class='ocrx_word' id='word_1_61' title='bbox 212 547 615 613; x_wconf 82' lang='grc' dir='ltr'><strong><em>περιεσχίζοντο</em></strong></span> <span class='ocrx_word' id='word_1_62' title='bbox 635 532 791 595; x_wconf 84' lang='grc' dir='ltr'><strong><em>οὗτοι</em></strong></span> <span class='ocrx_word' id='word_1_63' title='bbox 811 541 908 594; x_wconf 79' lang='grc' dir='ltr'><strong><em>οἷ’</em></strong></span> <span class='ocrx_word' id='word_1_64' title='bbox 881 539 1113 611; x_wconf 88' lang='grc' dir='ltr'><strong><em>επήκοοι</em></strong></span> <span class='ocrx_word' id='word_1_65' title='bbox 1131 545 1302 596; x_wconf 82' lang='grc' dir='ltr'><strong><em>ἔνθεν</em></strong></span> <span class='ocrx_word' id='word_1_66' title='bbox 1323 541 1414 595; x_wconf 85' lang='grc' dir='ltr'><strong><em>καὶ</em></strong></span> <span class='ocrx_word' id='word_1_67' title='bbox 1433 544 1632 610; x_wconf 86' lang='grc' dir='ltr'><strong><em>ἔνθεν,</em></strong></span> <span class='ocrx_word' id='word_1_68' title='bbox 1662 541 1754 595; x_wconf 86' lang='grc' dir='ltr'><strong><em>καὶ</em></strong></span> 
     </span>
     <span class='ocr_line' id='line_1_11' title="bbox 15 622 1754 700; baseline -0.002 -16"><span class='ocrx_word' id='word_1_69' title='bbox 15 656 18 662; x_wconf 72' lang='lat'><em>,</em></span> <span class='ocrx_word' id='word_1_70' title='bbox 76 629 136 685; x_wconf 74' lang='grc' dir='ltr'><strong><em>ἐν</em></strong></span> <span class='ocrx_word' id='word_1_71' title='bbox 153 627 342 700; x_wconf 74' lang='grc' dir='ltr'><strong><em>κύκλῳ</em></strong></span> <span class='ocrx_word' id='word_1_72' title='bbox 370 625 677 694; x_wconf 82' lang='grc' dir='ltr'><strong><em>περιιόντες</em></strong></span> <span class='ocrx_word' id='word_1_73' title='bbox 706 622 791 678; x_wconf 83' lang='grc' dir='ltr'><strong><em>άεὶ</em></strong></span> <span class='ocrx_word' id='word_1_74' title='bbox 813 628 888 687; x_wconf 77' lang='grc' dir='ltr'><strong><em>εἰς</em></strong></span> <span class='ocrx_word' id='word_1_75' title='bbox 907 622 967 678; x_wconf 87' lang='grc' dir='ltr'>τό</span> <span class='ocrx_word' id='word_1_76' title='bbox 988 622 1230 679; x_wconf 82' lang='grc' dir='ltr'><strong><em>ὄπισθεν</em></strong></span> <span class='ocrx_word' id='word_1_77' title='bbox 1258 629 1594 680; x_wconf 90' lang='grc' dir='ltr'><strong><em>καθίσταντο</em></strong></span> <span class='ocrx_word' id='word_1_78' title='bbox 1615 624 1754 680; x_wconf 82' lang='grc' dir='ltr'><strong><em>κάλ-</em></strong></span> 
     </span>
     <span class='ocr_line' id='line_1_12' title="bbox 76 714 245 764; baseline -0.006 0"><span class='ocrx_word' id='word_1_79' title='bbox 76 714 245 764; x_wconf 86' lang='grc' dir='ltr'><strong><em>λιστα.</em></strong></span> 
     </span>
    </p>

    <p class='ocr_par' dir='ltr' id='par_1_5' title="bbox 0 788 1813 2842">
     <span class='ocr_line' id='line_1_13' title="bbox 212 788 1751 862; baseline -0.001 -14"><span class='ocrx_word' id='word_1_80' title='bbox 212 799 319 848; x_wconf 84' lang='lat' dir='ltr'><strong><em>vn.</em></strong></span> <span class='ocrx_word' id='word_1_81' title='bbox 400 790 512 847; x_wconf 87' lang='grc' dir='ltr'><strong><em>Τὸν</em></strong></span> <span class='ocrx_word' id='word_1_82' title='bbox 533 792 592 847; x_wconf 77' lang='grc' dir='ltr'><strong><em>δὲ</em></strong></span> <span class='ocrx_word' id='word_1_83' title='bbox 620 788 729 861; x_wconf 87' lang='grc' dir='ltr'><strong><em>μετ’</em></strong></span> <span class='ocrx_word' id='word_1_84' title='bbox 752 790 1068 862; x_wconf 83' lang='grc' dir='ltr'><strong><em>εἰσενόησα,</em></strong></span> <span class='ocrx_word' id='word_1_85' title='bbox 1107 795 1213 861; x_wconf 83' lang='grc' dir='ltr'><strong><em>ἔφη</em></strong></span> <span class='ocrx_word' id='word_1_86' title='bbox 1237 789 1504 861; x_wconf 72' lang='grc' dir='ltr'><strong><em>”Ομηρος,</em></strong></span> <span class='ocrx_word' id='word_1_87' title='bbox 1534 789 1751 846; x_wconf 83' lang='grc' dir='ltr'><strong><em>Ἱππίαν</em></strong></span> 
     </span>
     <span class='ocr_line' id='line_1_14' title="bbox 72 870 1809 947; baseline -0.002 -16"><span class='ocrx_word' id='word_1_88' title='bbox 72 874 167 931; x_wconf 82' lang='grc' dir='ltr'><strong><em>τὸν</em></strong></span> <span class='ocrx_word' id='word_1_89' title='bbox 191 874 431 946; x_wconf 80' lang='grc' dir='ltr'><strong><em>Ἠλεῖον,</em></strong></span> <span class='ocrx_word' id='word_1_90' title='bbox 471 875 799 945; x_wconf 83' lang='grc' dir='ltr'><strong><em>καθήμενον</em></strong></span> <span class='ocrx_word' id='word_1_91' title='bbox 830 876 892 928; x_wconf 84' lang='grc' dir='ltr'><strong><em>ἐν</em></strong></span> <span class='ocrx_word' id='word_1_92' title='bbox 917 880 995 947; x_wconf 76' lang='grc' dir='ltr'><strong><em>τῷ</em></strong></span> <span class='ocrx_word' id='word_1_93' title='bbox 1012 870 1125 928; x_wconf 89' lang='grc' dir='ltr'><strong><em>κατ’</em></strong></span> <span class='ocrx_word' id='word_1_94' title='bbox 1145 870 1379 940; x_wconf 78' lang='grc' dir='ltr'><strong><em>ἀντικρὺ</em></strong></span> <span class='ocrx_word' id='word_1_95' title='bbox 1397 872 1666 943; x_wconf 82' lang='grc' dir='ltr'><strong><em>προστώω</em></strong></span> <span class='ocrx_word' id='word_1_96' title='bbox 1686 875 1747 928; x_wconf 82' lang='grc' dir='ltr'><strong><em>ἐν</em></strong></span> <span class='ocrx_word' id='word_1_97' title='bbox 1777 884 1809 927; x_wconf 82' lang='lat' dir='ltr'><strong>c</strong></span> 
     </span>
     <span class='ocr_line' id='line_1_15' title="bbox 71 953 1748 1034; baseline -0.004 -17"><span class='ocrx_word' id='word_1_98' title='bbox 71 961 288 1034; x_wconf 76' lang='grc' dir='ltr'><strong><em>θρόνῳ·</em></strong></span> <span class='ocrx_word' id='word_1_99' title='bbox 327 962 451 1028; x_wconf 87' lang='grc' dir='ltr'><strong><em>περὶ</em></strong></span> <span class='ocrx_word' id='word_1_100' title='bbox 480 956 657 1014; x_wconf 81' lang='grc' dir='ltr'><strong><em>αὐτὸν</em></strong></span> <span class='ocrx_word' id='word_1_101' title='bbox 688 955 743 1012; x_wconf 86' lang='grc' dir='ltr'><strong><em>δ’</em></strong></span> <span class='ocrx_word' id='word_1_102' title='bbox 762 956 1042 1027; x_wconf 76' lang='grc' dir='ltr'><strong><em>ἐκάθηντο</em></strong></span> <span class='ocrx_word' id='word_1_103' title='bbox 1072 958 1160 1012; x_wconf 80' lang='grc' dir='ltr'><strong><em>ἐπὶ</em></strong></span> <span class='ocrx_word' id='word_1_104' title='bbox 1191 956 1429 1027; x_wconf 78' lang='grc' dir='ltr'><strong><em>βάθρων</em></strong></span> <span class='ocrx_word' id='word_1_105' title='bbox 1462 953 1748 1027; x_wconf 82' lang='grc' dir='ltr'><strong><em>Ἐρυξίμα-</em></strong></span> 
     </span>
     <span class='ocr_line' id='line_1_16' title="bbox 68 1036 1746 1117; baseline -0.004 -17"><span class='ocrx_word' id='word_1_106' title='bbox 68 1044 160 1117; x_wconf 67' lang='grc' dir='ltr'><strong><em>χός</em></strong></span> <span class='ocrx_word' id='word_1_107' title='bbox 196 1066 253 1099; x_wconf 91' lang='grc' dir='ltr'><strong><em>τε</em></strong></span> <span class='ocrx_word' id='word_1_108' title='bbox 289 1041 318 1098; x_wconf 88' lang='grc' dir='ltr'>ὁ</span> <span class='ocrx_word' id='word_1_109' title='bbox 350 1041 693 1112; x_wconf 86' lang='grc' dir='ltr'><strong><em>Ἀκουμενοῦ</em></strong></span> <span class='ocrx_word' id='word_1_110' title='bbox 730 1041 821 1095; x_wconf 86' lang='grc' dir='ltr'><strong><em>καὶ</em></strong></span> <span class='ocrx_word' id='word_1_111' title='bbox 852 1042 1094 1107; x_wconf 84' lang='grc' dir='ltr'><strong><em>Φαῖδρος</em></strong></span> <span class='ocrx_word' id='word_1_112' title='bbox 1131 1036 1160 1092; x_wconf 92' lang='grc' dir='ltr'>ὁ</span> <span class='ocrx_word' id='word_1_113' title='bbox 1190 1037 1618 1108; x_wconf 84' lang='grc' dir='ltr'><strong><em>Μυρρινούσιος</em></strong></span> <span class='ocrx_word' id='word_1_114' title='bbox 1653 1040 1746 1093; x_wconf 84' lang='grc' dir='ltr'><strong><em>καὶ</em></strong></span> 
     </span>
     <span class='ocr_line' id='line_1_17' title="bbox 14 1117 1747 1193; baseline -0.005 -11"><span class='ocrx_word' id='word_1_115' title='bbox 14 1152 19 1172; x_wconf 64' lang='lat'>³</span> <span class='ocrx_word' id='word_1_116' title='bbox 66 1130 308 1193; x_wconf 76' lang='grc' dir='ltr'><strong><em>Ἀνδρων</em></strong></span> <span class='ocrx_word' id='word_1_117' title='bbox 325 1121 355 1179; x_wconf 90' lang='lat'><em>6</em></span> <span class='ocrx_word' id='word_1_118' title='bbox 374 1122 765 1191; x_wconf 82' lang='grc' dir='ltr'><strong><em>Ἀνδροτίωνος</em></strong></span> <span class='ocrx_word' id='word_1_119' title='bbox 785 1121 876 1175; x_wconf 88' lang='grc' dir='ltr'><strong><em>καὶ</em></strong></span> <span class='ocrx_word' id='word_1_120' title='bbox 904 1125 1019 1174; x_wconf 79' lang='grc' dir='ltr'><strong><em>τών</em></strong></span> <span class='ocrx_word' id='word_1_121' title='bbox 1048 1122 1222 1184; x_wconf 82' lang='grc' dir='ltr'><strong><em>ξένων</em></strong></span> <span class='ocrx_word' id='word_1_122' title='bbox 1250 1124 1470 1174; x_wconf 85' lang='grc' dir='ltr'><strong><em>πολῖταί</em></strong></span> <span class='ocrx_word' id='word_1_123' title='bbox 1485 1141 1542 1174; x_wconf 96' lang='grc' dir='ltr'><strong><em>τε</em></strong></span> <span class='ocrx_word' id='word_1_124' title='bbox 1567 1117 1747 1175; x_wconf 79' lang='grc' dir='ltr'><strong><em>αὐτοῦ</em></strong></span> 
     </span>
     <span class='ocr_line' id='line_1_18' title="bbox 0 1200 1743 1275; baseline -0.003 -12"><span class='ocrx_word' id='word_1_125' title='bbox 0 1207 19 1273; x_wconf 94' lang='lat'>4</span> <span class='ocrx_word' id='word_1_126' title='bbox 63 1210 155 1263; x_wconf 78' lang='grc' dir='ltr'><strong><em>καὶ</em></strong></span> <span class='ocrx_word' id='word_1_127' title='bbox 190 1206 347 1262; x_wconf 76' lang='grc' dir='ltr'><strong><em>ἄλλοι</em></strong></span> <span class='ocrx_word' id='word_1_128' title='bbox 382 1210 538 1270; x_wconf 80' lang='grc' dir='ltr'><strong><em>τινές.</em></strong></span> <span class='ocrx_word' id='word_1_129' title='bbox 594 1208 887 1275; x_wconf 80' lang='grc' dir='ltr'><strong><em>ἐφαίνοντο</em></strong></span> <span class='ocrx_word' id='word_1_130' title='bbox 926 1202 984 1258; x_wconf 76' lang='grc' dir='ltr'><strong><em>δὲ</em></strong></span> <span class='ocrx_word' id='word_1_131' title='bbox 1014 1205 1138 1272; x_wconf 84' lang='grc' dir='ltr'><strong><em>περὶ</em></strong></span> <span class='ocrx_word' id='word_1_132' title='bbox 1168 1200 1391 1273; x_wconf 85' lang='grc' dir='ltr'><strong><em>φύσεώς</em></strong></span> <span class='ocrx_word' id='word_1_133' title='bbox 1423 1222 1483 1256; x_wconf 92' lang='grc' dir='ltr'><strong><em>τε</em></strong></span> <span class='ocrx_word' id='word_1_134' title='bbox 1511 1204 1601 1257; x_wconf 84' lang='grc' dir='ltr'><strong><em>καὶ</em></strong></span> <span class='ocrx_word' id='word_1_135' title='bbox 1629 1207 1743 1258; x_wconf 78' lang='grc' dir='ltr'><strong><em>τών</em></strong></span> 
     </span>
     <span class='ocr_line' id='line_1_19' title="bbox 10 1282 1740 1364; baseline -0.003 -20"><span class='ocrx_word' id='word_1_136' title='bbox 10 1320 17 1364; x_wconf 60' lang='lat'><strong><em>5·</em></strong></span> <span class='ocrx_word' id='word_1_137' title='bbox 63 1289 358 1359; x_wconf 72' lang='grc' dir='ltr'><strong><em>μετεώρων</em></strong></span> <span class='ocrx_word' id='word_1_138' title='bbox 379 1283 754 1356; x_wconf 79' lang='grc' dir='ltr'><strong><em>ἀστρονομικᾶ</em></strong></span> <span class='ocrx_word' id='word_1_139' title='bbox 775 1284 910 1340; x_wconf 78' lang='grc' dir='ltr'><strong><em>ἅττα</em></strong></span> <span class='ocrx_word' id='word_1_140' title='bbox 931 1288 1204 1357; x_wconf 78' lang='grc' dir='ltr'><strong><em>διερωτᾷν</em></strong></span> <span class='ocrx_word' id='word_1_141' title='bbox 1232 1283 1332 1339; x_wconf 85' lang='grc' dir='ltr'><strong><em>τὸν</em></strong></span> <span class='ocrx_word' id='word_1_142' title='bbox 1353 1282 1595 1354; x_wconf 81' lang='grc' dir='ltr'><strong><em>Ἱππίαν,</em></strong></span> <span class='ocrx_word' id='word_1_143' title='bbox 1634 1282 1663 1338; x_wconf 86' lang='lat'><em>6</em></span> <span class='ocrx_word' id='word_1_144' title='bbox 1686 1282 1740 1338; x_wconf 83' lang='grc' dir='ltr'><strong><em>δ’</em></strong></span> 
     </span>
     <span class='ocr_line' id='line_1_20' title="bbox 6 1366 1735 1444; baseline -0.002 -19"><span class='ocrx_word' id='word_1_145' title='bbox 6 1385 13 1392; x_wconf 80' lang='grc'><strong>’</strong></span> <span class='ocrx_word' id='word_1_146' title='bbox 64 1372 125 1425; x_wconf 77' lang='grc' dir='ltr'><strong><em>ἐν</em></strong></span> <span class='ocrx_word' id='word_1_147' title='bbox 142 1370 336 1444; x_wconf 83' lang='grc' dir='ltr'><strong><em>θρόνω</em></strong></span> <span class='ocrx_word' id='word_1_148' title='bbox 356 1370 674 1440; x_wconf 83' lang='grc' dir='ltr'><strong><em>καθήμενος</em></strong></span> <span class='ocrx_word' id='word_1_149' title='bbox 694 1368 943 1433; x_wconf 80' lang='grc' dir='ltr'><strong><em>ἑκάστοις</em></strong></span> <span class='ocrx_word' id='word_1_150' title='bbox 972 1366 1163 1423; x_wconf 77' lang='grc' dir='ltr'><strong><em>αὐτῶν</em></strong></span> <span class='ocrx_word' id='word_1_151' title='bbox 1186 1371 1422 1436; x_wconf 83' lang='grc' dir='ltr'><strong><em>διέκρινε</em></strong></span> <span class='ocrx_word' id='word_1_152' title='bbox 1442 1370 1533 1423; x_wconf 83' lang='grc' dir='ltr'><strong><em>καὶ</em></strong></span> <span class='ocrx_word' id='word_1_153' title='bbox 1558 1368 1735 1441; x_wconf 79' lang='grc' dir='ltr'><strong><em>διεξῄ-</em></strong></span> 
     </span>
     <span class='ocr_line' id='line_1_21' title="bbox 66 1449 1735 1523; baseline -0.002 -14"><span class='ocrx_word' id='word_1_154' title='bbox 66 1473 111 1511; x_wconf 82' lang='grc' dir='ltr'><strong><em>ει</em></strong></span> <span class='ocrx_word' id='word_1_155' title='bbox 138 1474 205 1507; x_wconf 84' lang='grc' dir='ltr'><strong><em>τα</em></strong></span> <span class='ocrx_word' id='word_1_156' title='bbox 234 1451 578 1523; x_wconf 82' lang='grc' dir='ltr'><strong><em>ἐρωτώμενα.</em></strong></span> <span class='ocrx_word' id='word_1_157' title='bbox 635 1452 724 1506; x_wconf 84' lang='grc' dir='ltr'><strong><em>καὶ</em></strong></span> <span class='ocrx_word' id='word_1_158' title='bbox 756 1472 858 1521; x_wconf 87' lang='grc' dir='ltr'><strong><em>μεν</em></strong></span> <span class='ocrx_word' id='word_1_159' title='bbox 880 1449 948 1520; x_wconf 87' lang='grc' dir='ltr'><strong><em>δη</em></strong></span> <span class='ocrx_word' id='word_1_160' title='bbox 978 1452 1066 1505; x_wconf 83' lang='grc' dir='ltr'><strong><em>καὶ</em></strong></span> <span class='ocrx_word' id='word_1_161' title='bbox 1092 1450 1382 1506; x_wconf 86' lang='grc' dir='ltr'><strong><em>Τάνταλόν</em></strong></span> <span class='ocrx_word' id='word_1_162' title='bbox 1401 1472 1466 1522; x_wconf 79' lang='grc' dir='ltr'><strong><em>γε</em></strong></span> <span class='ocrx_word' id='word_1_163' title='bbox 1485 1453 1735 1505; x_wconf 79' lang='grc' dir='ltr'><strong><em>εἰσεῖδον.</em></strong></span> 
     </span>
     <span class='ocr_line' id='line_1_22' title="bbox 59 1526 1796 1629; baseline -0.003 -39"><span class='ocrx_word' id='word_1_164' title='bbox 59 1534 316 1606; x_wconf 61' lang='grc' dir='ltr'><strong><em>ἐπεδήμει</em></strong></span> <span class='ocrx_word' id='word_1_165' title='bbox 341 1532 447 1604; x_wconf 76' lang='grc' dir='ltr'><strong><em>γὰρ</em></strong></span> <span class='ocrx_word' id='word_1_166' title='bbox 476 1555 584 1601; x_wconf 90' lang='grc' dir='ltr'><strong><em>αρα</em></strong></span> <span class='ocrx_word' id='word_1_167' title='bbox 606 1533 883 1629; x_wconf 79' lang='grc' dir='ltr'><strong><em>Πρόδικος</em></strong></span> <span class='ocrx_word' id='word_1_168' title='bbox 911 1530 940 1586; x_wconf 88' lang='grc' dir='ltr'><strong>ὁ</strong></span> <span class='ocrx_word' id='word_1_169' title='bbox 969 1536 1158 1596; x_wconf 84' lang='grc' dir='ltr'><strong><em>Κεῖος,</em></strong></span> <span class='ocrx_word' id='word_1_170' title='bbox 1197 1526 1271 1602; x_wconf 82' lang='grc' dir='ltr'><strong><em>ἦν</em></strong></span> <span class='ocrx_word' id='word_1_171' title='bbox 1299 1533 1357 1587; x_wconf 77' lang='grc' dir='ltr'><strong><em>δὲ</em></strong></span> <span class='ocrx_word' id='word_1_172' title='bbox 1386 1553 1448 1586; x_wconf 92' lang='grc' dir='ltr'><strong><em>εν</em></strong></span> <span class='ocrx_word' id='word_1_173' title='bbox 1479 1531 1737 1603; x_wconf 81' lang='grc' dir='ltr'><strong><em>οἰκήματί</em></strong></span> <span class='ocrx_word' id='word_1_174' title='bbox 1761 1544 1796 1586; x_wconf 85' lang='lat' dir='ltr'>D</span> 
     </span>
     <span class='ocr_line' id='line_1_23' title="bbox 0 1609 1737 1690; baseline -0.001 -19"><span class='ocrx_word' id='word_1_175' title='bbox 0 1656 2 1659; x_wconf 53' lang='lat'>&gt;</span> <span class='ocrx_word' id='word_1_176' title='bbox 61 1638 199 1685; x_wconf 89' lang='grc' dir='ltr'><strong><em>τινι,</em></strong></span> <span class='ocrx_word' id='word_1_177' title='bbox 221 1609 264 1690; x_wconf 78' lang='grc' dir='ltr'><em>ᾦ</em></span> <span class='ocrx_word' id='word_1_178' title='bbox 284 1614 392 1682; x_wconf 80' lang='grc' dir='ltr'><strong><em>πρὸ</em></strong></span> <span class='ocrx_word' id='word_1_179' title='bbox 408 1621 510 1670; x_wconf 88' lang='grc' dir='ltr'><strong><em>τοῦ</em></strong></span> <span class='ocrx_word' id='word_1_180' title='bbox 528 1638 629 1686; x_wconf 88' lang='grc' dir='ltr'><strong><em>μεν</em></strong></span> <span class='ocrx_word' id='word_1_181' title='bbox 650 1613 723 1679; x_wconf 85' lang='grc' dir='ltr'><strong><em>ώς</em></strong></span> <span class='ocrx_word' id='word_1_182' title='bbox 740 1620 962 1688; x_wconf 88' lang='grc' dir='ltr'><strong><em>ταμιείω</em></strong></span> <span class='ocrx_word' id='word_1_183' title='bbox 984 1616 1177 1685; x_wconf 82' lang='grc' dir='ltr'><strong><em>ἐχρῆτο</em></strong></span> <span class='ocrx_word' id='word_1_184' title='bbox 1192 1611 1518 1685; x_wconf 86' lang='grc' dir='ltr'><strong><em>Ἱππόνικος,</em></strong></span> <span class='ocrx_word' id='word_1_185' title='bbox 1543 1620 1652 1669; x_wconf 86' lang='grc' dir='ltr'><strong><em>νῦν</em></strong></span> <span class='ocrx_word' id='word_1_186' title='bbox 1677 1616 1737 1669; x_wconf 77' lang='grc' dir='ltr'><strong><em>δὲ</em></strong></span> 
     </span>
     <span class='ocr_line' id='line_1_24' title="bbox 61 1695 1732 1770; baseline -0.002 -15"><span class='ocrx_word' id='word_1_187' title='bbox 61 1697 171 1755; x_wconf 78' lang='grc' dir='ltr'><strong><em>ὑπὸ</em></strong></span> <span class='ocrx_word' id='word_1_188' title='bbox 192 1707 293 1755; x_wconf 81' lang='grc' dir='ltr'><strong><em>τοῦ</em></strong></span> <span class='ocrx_word' id='word_1_189' title='bbox 312 1700 567 1770; x_wconf 86' lang='grc' dir='ltr'><strong><em>πλήθους</em></strong></span> <span class='ocrx_word' id='word_1_190' title='bbox 595 1704 708 1754; x_wconf 78' lang='grc' dir='ltr'><strong><em>τῶν</em></strong></span> <span class='ocrx_word' id='word_1_191' title='bbox 726 1698 1121 1754; x_wconf 81' lang='grc' dir='ltr'><strong><em>καταλυόντων</em></strong></span> <span class='ocrx_word' id='word_1_192' title='bbox 1141 1695 1170 1752; x_wconf 89' lang='grc' dir='ltr'>ὁ</span> <span class='ocrx_word' id='word_1_193' title='bbox 1194 1703 1439 1762; x_wconf 86' lang='grc' dir='ltr'><strong><em>Καλλίας</em></strong></span> <span class='ocrx_word' id='word_1_194' title='bbox 1458 1700 1549 1751; x_wconf 85' lang='grc' dir='ltr'><strong><em>καὶ</em></strong></span> <span class='ocrx_word' id='word_1_195' title='bbox 1569 1703 1732 1751; x_wconf 82' lang='grc' dir='ltr'><strong><em>τοῦτο</em></strong></span> 
     </span>
     <span class='ocr_line' id='line_1_25' title="bbox 58 1772 1731 1850; baseline -0.001 -14"><span class='ocrx_word' id='word_1_196' title='bbox 58 1780 364 1845; x_wconf 72' lang='grc' dir='ltr'><strong><em>ἐκκενώσας</em></strong></span> <span class='ocrx_word' id='word_1_197' title='bbox 383 1782 557 1846; x_wconf 79' lang='grc' dir='ltr'><strong><em>ξένοις</em></strong></span> <span class='ocrx_word' id='word_1_198' title='bbox 575 1780 880 1835; x_wconf 86' lang='grc' dir='ltr'><strong><em>κατάλυσιν</em></strong></span> <span class='ocrx_word' id='word_1_199' title='bbox 899 1785 1210 1850; x_wconf 90' lang='grc' dir='ltr'><strong><em>πεποίηκεν.</em></strong></span> <span class='ocrx_word' id='word_1_200' title='bbox 1270 1777 1298 1833; x_wconf 92' lang='grc' dir='ltr'>ὁ</span> <span class='ocrx_word' id='word_1_201' title='bbox 1320 1779 1421 1835; x_wconf 79' lang='grc' dir='ltr'><strong><em>ιιὲν</em></strong></span> <span class='ocrx_word' id='word_1_202' title='bbox 1451 1772 1558 1833; x_wconf 80' lang='grc' dir='ltr'><strong><em>οὖν</em></strong></span> <span class='ocrx_word' id='word_1_203' title='bbox 1575 1779 1731 1848; x_wconf 84' lang='grc' dir='ltr'><strong><em>Πρό-</em></strong></span> 
     </span>
     <span class='ocr_line' id='line_1_26' title="bbox 59 1862 1734 1933; baseline -0.002 -15"><span class='ocrx_word' id='word_1_204' title='bbox 59 1864 210 1928; x_wconf 84' lang='grc' dir='ltr'><strong><em>δικος</em></strong></span> <span class='ocrx_word' id='word_1_205' title='bbox 241 1866 320 1918; x_wconf 77' lang='grc' dir='ltr'><strong><em>ἔτι</em></strong></span> <span class='ocrx_word' id='word_1_206' title='bbox 348 1864 654 1931; x_wconf 83' lang='grc' dir='ltr'><strong><em>κατέκειτο,</em></strong></span> <span class='ocrx_word' id='word_1_207' title='bbox 694 1863 1167 1933; x_wconf 77' lang='grc' dir='ltr'><strong><em>ἐγκεκαλυμμένος</em></strong></span> <span class='ocrx_word' id='word_1_208' title='bbox 1186 1862 1249 1916; x_wconf 81' lang='grc' dir='ltr'><strong><em>ἐν</em></strong></span> <span class='ocrx_word' id='word_1_209' title='bbox 1277 1864 1500 1925; x_wconf 88' lang='grc' dir='ltr'><strong><em>κωδίοις</em></strong></span> <span class='ocrx_word' id='word_1_210' title='bbox 1517 1862 1624 1916; x_wconf 84' lang='grc' dir='ltr'><strong><em>τισὶ</em></strong></span> <span class='ocrx_word' id='word_1_211' title='bbox 1642 1864 1734 1916; x_wconf 83' lang='grc' dir='ltr'><strong><em>καὶ</em></strong></span> 
     </span>
     <span class='ocr_line' id='line_1_27' title="bbox 27 1942 1730 2016; baseline -0.001 -17"><span class='ocrx_word' id='word_1_212' title='bbox 27 1987 29 1998; x_wconf 93' lang='grc'>.</span> <span class='ocrx_word' id='word_1_213' title='bbox 59 1944 340 2016; x_wconf 80' lang='grc' dir='ltr'><strong><em>στρώμασι</em></strong></span> <span class='ocrx_word' id='word_1_214' title='bbox 362 1947 452 2001; x_wconf 79' lang='grc' dir='ltr'><strong><em>καὶ</em></strong></span> <span class='ocrx_word' id='word_1_215' title='bbox 470 1945 615 2015; x_wconf 87' lang='grc' dir='ltr'><strong><em>μάλα</em></strong></span> <span class='ocrx_word' id='word_1_216' title='bbox 636 1950 886 2011; x_wconf 84' lang='grc' dir='ltr'><strong><em>πολλοῖς,</em></strong></span> <span class='ocrx_word' id='word_1_217' title='bbox 926 1942 1001 2009; x_wconf 87' lang='grc' dir='ltr'><strong><em>ώς</em></strong></span> <span class='ocrx_word' id='word_1_218' title='bbox 1018 1946 1271 2015; x_wconf 81' lang='grc' dir='ltr'><strong><em>ἐφαίνετο</em></strong></span> <span class='ocrx_word' id='word_1_219' title='bbox 1337 1942 1730 2014; x_wconf 86' lang='grc' dir='ltr'><strong><em>παρεκάθηντο</em></strong></span> 
     </span>
     <span class='ocr_line' id='line_1_28' title="bbox 62 2021 1731 2100; baseline -0.001 -19"><span class='ocrx_word' id='word_1_220' title='bbox 62 2024 123 2081; x_wconf 66' lang='grc' dir='ltr'><strong><em>δὲ</em></strong></span> <span class='ocrx_word' id='word_1_221' title='bbox 140 2023 290 2100; x_wconf 70' lang='grc' dir='ltr'><strong><em>αὐτῷ</em></strong></span> <span class='ocrx_word' id='word_1_222' title='bbox 310 2027 395 2082; x_wconf 76' lang='grc' dir='ltr'><strong><em>ἐπὶ</em></strong></span> <span class='ocrx_word' id='word_1_223' title='bbox 425 2037 542 2090; x_wconf 83' lang='grc' dir='ltr'><strong><em>ταῖς</em></strong></span> <span class='ocrx_word' id='word_1_224' title='bbox 573 2030 806 2095; x_wconf 88' lang='grc' dir='ltr'><strong><em>πλησίον</em></strong></span> <span class='ocrx_word' id='word_1_225' title='bbox 839 2030 1050 2090; x_wconf 87' lang='grc' dir='ltr'><strong><em>κλίναις</em></strong></span> <span class='ocrx_word' id='word_1_226' title='bbox 1068 2029 1393 2089; x_wconf 89' lang='grc' dir='ltr'><strong><em>Παυσανίας</em></strong></span> <span class='ocrx_word' id='word_1_227' title='bbox 1410 2045 1468 2079; x_wconf 90' lang='grc' dir='ltr'><strong><em>τε</em></strong></span> <span class='ocrx_word' id='word_1_228' title='bbox 1488 2021 1517 2079; x_wconf 89' lang='lat'><em>6</em></span> <span class='ocrx_word' id='word_1_229' title='bbox 1538 2026 1597 2080; x_wconf 78' lang='grc' dir='ltr'><strong><em>ἐκ</em></strong></span> <span class='ocrx_word' id='word_1_230' title='bbox 1618 2030 1731 2080; x_wconf 90' lang='grc' dir='ltr'><strong><em>Κε-</em></strong></span> 
     </span>
     <span class='ocr_line' id='line_1_29' title="bbox 26 2104 1730 2180; baseline 0 -20"><span class='ocrx_word' id='word_1_231' title='bbox 26 2134 30 2156; x_wconf 86' lang='grc' dir='ltr'>ι</span> <span class='ocrx_word' id='word_1_232' title='bbox 57 2109 279 2177; x_wconf 74' lang='grc' dir='ltr'><strong><em>ραμέων</em></strong></span> <span class='ocrx_word' id='word_1_233' title='bbox 312 2109 404 2164; x_wconf 82' lang='grc' dir='ltr'><strong><em>καὶ</em></strong></span> <span class='ocrx_word' id='word_1_234' title='bbox 440 2130 574 2180; x_wconf 88' lang='grc' dir='ltr'><strong><em>μετα</em></strong></span> <span class='ocrx_word' id='word_1_235' title='bbox 597 2112 925 2163; x_wconf 89' lang='grc' dir='ltr'><strong><em>Παυσανίου</em></strong></span> <span class='ocrx_word' id='word_1_236' title='bbox 955 2109 1087 2163; x_wconf 87' lang='grc' dir='ltr'><strong><em>νεόν</em></strong></span> <span class='ocrx_word' id='word_1_237' title='bbox 1114 2131 1163 2162; x_wconf 87' lang='grc' dir='ltr'><strong><em>τι</em></strong></span> <span class='ocrx_word' id='word_1_238' title='bbox 1195 2111 1271 2162; x_wconf 81' lang='grc' dir='ltr'><strong><em>ἔτι</em></strong></span> <span class='ocrx_word' id='word_1_239' title='bbox 1300 2106 1617 2178; x_wconf 88' lang='grc' dir='ltr'><strong><em>μειράκιον,</em></strong></span> <span class='ocrx_word' id='word_1_240' title='bbox 1657 2104 1730 2171; x_wconf 80' lang='grc' dir='ltr'><strong><em>ὠς</em></strong></span> 
     </span>
     <span class='ocr_line' id='line_1_30' title="bbox 27 2184 1793 2264; baseline 0.002 -20"><span class='ocrx_word' id='word_1_241' title='bbox 27 2229 29 2242; x_wconf 60' lang='grc'><strong><em>,</em></strong></span> <span class='ocrx_word' id='word_1_242' title='bbox 53 2190 157 2260; x_wconf 69' lang='grc' dir='ltr'><strong><em>μὲν</em></strong></span> <span class='ocrx_word' id='word_1_243' title='bbox 182 2184 415 2264; x_wconf 73' lang='grc' dir='ltr'><strong><em>ἐγῷμαι,</em></strong></span> <span class='ocrx_word' id='word_1_244' title='bbox 451 2191 626 2248; x_wconf 92' lang='grc' dir='ltr'><strong><em>καλόν</em></strong></span> <span class='ocrx_word' id='word_1_245' title='bbox 654 2214 711 2247; x_wconf 93' lang='grc' dir='ltr'><strong><em>τε</em></strong></span> <span class='ocrx_word' id='word_1_246' title='bbox 741 2190 1002 2263; x_wconf 77' lang='grc' dir='ltr'><strong><em>κάγαθόν</em></strong></span> <span class='ocrx_word' id='word_1_247' title='bbox 1034 2191 1137 2264; x_wconf 82' lang='grc' dir='ltr'><strong><em>τήν</em></strong></span> <span class='ocrx_word' id='word_1_248' title='bbox 1167 2193 1366 2263; x_wconf 85' lang='grc' dir='ltr'><strong><em>φύσιν,</em></strong></span> <span class='ocrx_word' id='word_1_249' title='bbox 1405 2189 1507 2263; x_wconf 85' lang='grc' dir='ltr'><strong><em>τὴν</em></strong></span> <span class='ocrx_word' id='word_1_250' title='bbox 1537 2191 1594 2246; x_wconf 85' lang='grc' dir='ltr'><strong><em>δ’</em></strong></span> <span class='ocrx_word' id='word_1_251' title='bbox 1624 2187 1731 2248; x_wconf 81' lang='grc' dir='ltr'><strong><em>οὖν</em></strong></span> <span class='ocrx_word' id='word_1_252' title='bbox 1763 2202 1793 2242; x_wconf 86' lang='lat' dir='ltr'>E</span> 
     </span>
     <span class='ocr_line' id='line_1_31' title="bbox 26 2272 1727 2350; baseline 0.005 -26"><span class='ocrx_word' id='word_1_253' title='bbox 26 2275 30 2324; x_wconf 64' lang='grc' dir='ltr'>ἲ</span> <span class='ocrx_word' id='word_1_254' title='bbox 52 2275 210 2328; x_wconf 74' lang='grc' dir='ltr'><strong><em>ἰδέαν</em></strong></span> <span class='ocrx_word' id='word_1_255' title='bbox 227 2275 379 2329; x_wconf 83' lang='grc' dir='ltr'><strong><em>πάνυ</em></strong></span> <span class='ocrx_word' id='word_1_256' title='bbox 398 2274 579 2339; x_wconf 87' lang='grc' dir='ltr'><strong><em>καλός.</em></strong></span> <span class='ocrx_word' id='word_1_257' title='bbox 610 2279 769 2341; x_wconf 79' lang='grc' dir='ltr'><strong><em>ἔδοξα</em></strong></span> <span class='ocrx_word' id='word_1_258' title='bbox 789 2272 1024 2330; x_wconf 78' lang='grc' dir='ltr'><strong><em>ἀκοῦσαι</em></strong></span> <span class='ocrx_word' id='word_1_259' title='bbox 1042 2274 1220 2346; x_wconf 81' lang='grc' dir='ltr'><strong><em>ὄνομα</em></strong></span> <span class='ocrx_word' id='word_1_260' title='bbox 1239 2273 1389 2350; x_wconf 78' lang='grc' dir='ltr'><strong><em>αὐτῷ</em></strong></span> <span class='ocrx_word' id='word_1_261' title='bbox 1410 2274 1549 2331; x_wconf 80' lang='grc' dir='ltr'><strong><em>εἶναι</em></strong></span> <span class='ocrx_word' id='word_1_262' title='bbox 1567 2275 1727 2348; x_wconf 78' lang='grc' dir='ltr'><strong><em>Ἀγά-</em></strong></span> 
     </span>
     <span class='ocr_line' id='line_1_32' title="bbox 24 2355 1727 2427; baseline 0.002 -16"><span class='ocrx_word' id='word_1_263' title='bbox 24 2375 29 2411; x_wconf 75' lang='grc'><strong><em>,·</em></strong></span> <span class='ocrx_word' id='word_1_264' title='bbox 51 2360 239 2422; x_wconf 69' lang='grc' dir='ltr'><strong><em>θωνα,</em></strong></span> <span class='ocrx_word' id='word_1_265' title='bbox 278 2358 366 2411; x_wconf 80' lang='grc' dir='ltr'><strong><em>καὶ</em></strong></span> <span class='ocrx_word' id='word_1_266' title='bbox 405 2377 508 2410; x_wconf 88' lang='grc' dir='ltr'><strong><em>ουκ</em></strong></span> <span class='ocrx_word' id='word_1_267' title='bbox 545 2378 618 2410; x_wconf 91' lang='grc' dir='ltr'><strong><em>αν</em></strong></span> <span class='ocrx_word' id='word_1_268' title='bbox 655 2356 1019 2427; x_wconf 75' lang='grc' dir='ltr'><strong><em>θαυμάζοιμι,</em></strong></span> <span class='ocrx_word' id='word_1_269' title='bbox 1058 2362 1111 2413; x_wconf 81' lang='grc' dir='ltr'><strong><em>εἰ</em></strong></span> <span class='ocrx_word' id='word_1_270' title='bbox 1141 2355 1367 2413; x_wconf 90' lang='grc' dir='ltr'><strong><em>παιδικα</em></strong></span> <span class='ocrx_word' id='word_1_271' title='bbox 1398 2363 1727 2416; x_wconf 89' lang='grc' dir='ltr'><strong><em>Παυσανίου</em></strong></span> 
     </span>
     <span class='ocr_line' id='line_1_33' title="bbox 50 2432 1813 2514; baseline 0.005 -23"><span class='ocrx_word' id='word_1_272' title='bbox 50 2436 308 2508; x_wconf 78' lang='grc' dir='ltr'><strong><em>τυγχάνει</em></strong></span> <span class='ocrx_word' id='word_1_273' title='bbox 340 2460 435 2493; x_wconf 90' lang='grc' dir='ltr'><strong><em>ων.</em></strong></span> <span class='ocrx_word' id='word_1_274' title='bbox 490 2444 655 2493; x_wconf 84' lang='grc' dir='ltr'><strong><em>τοῦτο</em></strong></span> <span class='ocrx_word' id='word_1_275' title='bbox 678 2432 750 2509; x_wconf 84' lang='grc' dir='ltr'><strong><em>ἦν</em></strong></span> <span class='ocrx_word' id='word_1_276' title='bbox 775 2438 835 2494; x_wconf 73' lang='lat' dir='ltr'><strong><em>u}</em></strong></span> <span class='ocrx_word' id='word_1_277' title='bbox 857 2441 1171 2510; x_wconf 85' lang='grc' dir='ltr'><strong><em>μειράκιον,</em></strong></span> <span class='ocrx_word' id='word_1_278' title='bbox 1193 2443 1283 2497; x_wconf 84' lang='grc' dir='ltr'><strong><em>καὶ</em></strong></span> <span class='ocrx_word' id='word_1_279' title='bbox 1302 2463 1375 2497; x_wconf 89' lang='grc' dir='ltr'><strong><em>τω</em></strong></span> <span class='ocrx_word' id='word_1_280' title='bbox 1396 2440 1726 2514; x_wconf 83' lang='grc' dir='ltr'><strong><em>Ἀδειμάντω</em></strong></span> <span class='ocrx_word' id='word_1_281' title='bbox 1804 2441 1813 2451; x_wconf 76' lang='grc'><strong><em>’</em></strong></span> 
     </span>
     <span class='ocr_line' id='line_1_34' title="bbox 25 2513 1718 2596; baseline 0.007 -25"><span class='ocrx_word' id='word_1_282' title='bbox 25 2548 28 2563; x_wconf 86' lang='lat'>·</span> <span class='ocrx_word' id='word_1_283' title='bbox 50 2513 369 2588; x_wconf 72' lang='grc' dir='ltr'><strong><em>ἆμφοτέρω,</em></strong></span> <span class='ocrx_word' id='word_1_284' title='bbox 406 2542 434 2572; x_wconf 89' lang='lat'>0</span> <span class='ocrx_word' id='word_1_285' title='bbox 457 2541 512 2575; x_wconf 85' lang='grc' dir='ltr'><strong><em>τε</em></strong></span> <span class='ocrx_word' id='word_1_286' title='bbox 535 2525 588 2575; x_wconf 84' lang='grc' dir='ltr'><em>Κ</em></span> <span class='ocrx_word' id='word_1_287' title='bbox 590 2521 783 2591; x_wconf 85' lang='grc' dir='ltr'><strong><em>ηπιδος</em></strong></span> <span class='ocrx_word' id='word_1_288' title='bbox 802 2519 938 2577; x_wconf 82' lang='grc' dir='ltr'><strong><em>καὶὸ</em></strong></span> <span class='ocrx_word' id='word_1_289' title='bbox 961 2529 1409 2596; x_wconf 85' lang='grc' dir='ltr'><strong><em>Λευκολοφίδου,</em></strong></span> <span class='ocrx_word' id='word_1_290' title='bbox 1447 2526 1539 2581; x_wconf 87' lang='grc' dir='ltr'><strong><em>καὶ</em></strong></span> <span class='ocrx_word' id='word_1_291' title='bbox 1560 2524 1718 2583; x_wconf 78' lang='grc' dir='ltr'><strong><em>ἄλλοι</em></strong></span> 
     </span>
     <span class='ocr_line' id='line_1_35' title="bbox 52 2599 1723 2681; baseline 0.005 -27"><span class='ocrx_word' id='word_1_292' title='bbox 52 2599 194 2665; x_wconf 65' lang='grc' dir='ltr'><strong><em>τινὲς</em></strong></span> <span class='ocrx_word' id='word_1_293' title='bbox 227 2601 545 2671; x_wconf 57' lang='lat' dir='ltr'><em>ipat-vomo</em></span> <span class='ocrx_word' id='word_1_294' title='bbox 600 2605 723 2674; x_wconf 82' lang='grc' dir='ltr'><strong><em>περὶ</em></strong></span> <span class='ocrx_word' id='word_1_295' title='bbox 761 2605 818 2660; x_wconf 77' lang='grc' dir='ltr'><strong><em>δὲ</em></strong></span> <span class='ocrx_word' id='word_1_296' title='bbox 858 2626 940 2660; x_wconf 91' lang='grc' dir='ltr'><strong><em>ων</em></strong></span> <span class='ocrx_word' id='word_1_297' title='bbox 979 2608 1288 2677; x_wconf 77' lang='grc' dir='ltr'><strong><em>διελέγοντο</em></strong></span> <span class='ocrx_word' id='word_1_298' title='bbox 1308 2606 1411 2663; x_wconf 85' lang='grc' dir='ltr'><strong><em>οὐκ</em></strong></span> <span class='ocrx_word' id='word_1_299' title='bbox 1442 2607 1723 2681; x_wconf 81' lang='grc' dir='ltr'><strong><em>ἐδυνάμην</em></strong></span> 
     </span>
     <span class='ocr_line' id='line_1_36' title="bbox 57 2682 1721 2761; baseline 0.008 -26"><span class='ocrx_word' id='word_1_300' title='bbox 57 2682 224 2750; x_wconf 62' lang='grc' dir='ltr'><strong><em>ἔγωγε</em></strong></span> <span class='ocrx_word' id='word_1_301' title='bbox 243 2689 446 2751; x_wconf 78' lang='grc' dir='ltr'><strong><em>μαθεῖν</em></strong></span> <span class='ocrx_word' id='word_1_302' title='bbox 465 2688 701 2756; x_wconf 77' lang='grc' dir='ltr'><strong><em>ἔξωθεν,</em></strong></span> <span class='ocrx_word' id='word_1_303' title='bbox 725 2692 920 2755; x_wconf 88' lang='grc' dir='ltr'><strong><em>καίπερ</em></strong></span> <span class='ocrx_word' id='word_1_304' title='bbox 949 2693 1193 2758; x_wconf 76' lang='grc' dir='ltr'><strong><em>λιπαρῶς</em></strong></span> <span class='ocrx_word' id='word_1_305' title='bbox 1211 2692 1351 2761; x_wconf 79' lang='grc' dir='ltr'><strong><em>ἔχων</em></strong></span> <span class='ocrx_word' id='word_1_306' title='bbox 1372 2687 1602 2747; x_wconf 77' lang='grc' dir='ltr'><strong><em>ἀκούειν</em></strong></span> <span class='ocrx_word' id='word_1_307' title='bbox 1621 2700 1721 2748; x_wconf 83' lang='grc' dir='ltr'><strong><em>τοῦ</em></strong></span> 
     </span>
     <span class='ocr_line' id='line_1_37' title="bbox 24 2765 1718 2842; baseline 0.006 -24"><span class='ocrx_word' id='word_1_308' title='bbox 24 2795 27 2805; x_wconf 83' lang='grc'><strong>-</strong></span> <span class='ocrx_word' id='word_1_309' title='bbox 52 2765 364 2828; x_wconf 78' lang='grc' dir='ltr'><strong><em>Προδίκου·</em></strong></span> <span class='ocrx_word' id='word_1_310' title='bbox 389 2765 678 2838; x_wconf 83' lang='grc' dir='ltr'><strong><em>πάσσοφος</em></strong></span> <span class='ocrx_word' id='word_1_311' title='bbox 697 2769 803 2838; x_wconf 75' lang='grc' dir='ltr'><strong><em>γάρ</em></strong></span> <span class='ocrx_word' id='word_1_312' title='bbox 830 2790 920 2839; x_wconf 90' lang='grc' dir='ltr'><strong><em>μοι</em></strong></span> <span class='ocrx_word' id='word_1_313' title='bbox 943 2772 1095 2826; x_wconf 72' lang='grc' dir='ltr'><strong><em>δοκεῖ</em></strong></span> <span class='ocrx_word' id='word_1_314' title='bbox 1111 2769 1253 2842; x_wconf 73' lang='grc' dir='ltr'><strong><em>ἀνὴρ</em></strong></span> <span class='ocrx_word' id='word_1_315' title='bbox 1274 2771 1412 2828; x_wconf 83' lang='grc' dir='ltr'><strong><em>εἶναι</em></strong></span> <span class='ocrx_word' id='word_1_316' title='bbox 1430 2774 1520 2829; x_wconf 85' lang='grc' dir='ltr'><strong><em>καὶ</em></strong></span> <span class='ocrx_word' id='word_1_317' title='bbox 1541 2781 1718 2839; x_wconf 79' lang='grc' dir='ltr'><strong><em>θεῖος·</em></strong></span> 
     </span>
    </p>
   </div>
  </div>
 </body>
</html>
