1962 3112
199 309 232 349 D

148 1053 234 1098 282

259 164 366 216 364
863 168 1346 217 ΠΛΑΤΩΝΟΣ
1886 181 1933 224 ,2

265 291 409 369 ἦσαν
429 299 519 353 καὶ
553 298 654 368 οὐχ
679 302 858 354 ἱκανοὶ
879 302 1210 364 ἐξικνεῖσθαι
1231 302 1498 374 φρονήσει
1518 302 1604 359 ἐπ’
1628 302 1933 379 ἀμφότερα,

262 380 328 434 τά
350 402 406 434 τε
425 378 583 434 κοινὰ
606 383 697 436 καὶ
715 404 780 436 τα
800 385 937 446 ἰ’δια;

704 457 726 482 3
798 461 810 481 ²
884 458 904 481 δ’

378 468 460 518 11.
533 467 655 517 ΣΩ.
713 470 798 531 Αρ
833 484 938 518 ουν
957 463 1096 533 πρὸς
1113 465 1268 533 Διός,
1297 463 1481 533 ὥσπερ
1502 469 1563 521 αἱ
1577 465 1735 522 άλλαι
1753 471 1934 539 τέχναι

264 543 625 598 ἐπιδεδώκασι
653 545 743 599 καὶ
773 547 873 600 εἰσὶ
908 547 1054 616 παρὰ
1077 568 1207 612 τους
1227 555 1333 602 νῦν
1356 548 1727 619 δημιουργοὺς
1747 554 1801 606 οἰ
1827 572 1934 606 πα-

265 629 409 681 λαιοὶ
428 633 658 698 φαῦλοι,
694 626 839 682 οὕτω
857 630 947 684 καὶ
966 627 1069 699 τὴν
1091 626 1361 700 ὑμετέραν
1392 637 1504 685 τών
1533 639 1816 702 σοφιστῶν
1843 634 1931 687 τέ-

263 731 403 781 χνην
417 712 804 765 ἐπιδεδωκέναι
823 717 1015 781 φῶμεν
1035 713 1124 766 καὶ
1145 710 1283 767 εἶναι
1296 719 1406 766 τών
1421 710 1661 784 ἀρχαίων
1673 711 1801 778 τούς
1815 715 1935 784 περὶ

263 789 368 863 τὴν
388 800 592 863 σοφίαν
613 793 865 863 φαύλους
884 791 1023 894 πῗρὸς
1041 792 1211 863 ὑμας·
1198 835 1212 860 ,

404 881 503 930 ΙΠ.
557 876 725 930 Πάνυ
744 878 846 946 μὲν
867 880 973 931 οὐν
993 875 1179 944 ὀρθῶς
1198 878 1385 947 λεγεις.

402 963 526 1012 ΣΩ.
582 963 655 1014 Εἰ
680 958 787 1026 άρα
815 966 923 1014 νῦν
950 957 1109 1031 ἡμῖν,
1158 961 1199 1013 ώ
1223 957 1426 1032 Ιππιά,
1467 957 1492 1015 6
1514 966 1646 1025 Βίας
1668 959 1937 1034 άναβιώη,

266 1038 460 1110 γέλωτ’
491 1037 565 1096 α“ν
595 1040 759 1112 ὄφλοι
787 1041 926 1110 πρὸς
958 1040 1126 1112 ὑμᾶς,
1170 1041 1353 1139 ώσπερ
1393 1045 1482 1098 καὶ
1515 1042 1617 1098 τὸν
1651 1042 1938 1098 Δαίδαλόν

267 1141 439 1192 φασιν
461 1145 512 1178 οι
501 1122 1001 1193 ἀνδριαντοποιοί,
1025 1131 1134 1179 νῦν
1154 1130 1204 1180 εἰ
1217 1124 1515 1195 γενόμενος
1535 1124 1744 1179 τοιαῦτ’
1771 1125 1938 1194 ἐργά-

267 1211 408 1271 ζοιτο
431 1203 518 1261 οἷα
537 1209 608 1278 ἠν
627 1204 725 1277 ἀφ’
753 1230 833 1261 ων
851 1206 1082 1277 τοῦνομ’
1108 1211 1245 1278 ἔσχε,
1267 1211 1673 1278 καταγέλαστον
1692 1203 1763 1262 ἂν
1782 1205 1936 1262 εἶναι.

408 1294 507 1344 ΙΠ.
550 1287 702 1344 ’Ἐστι
721 1312 822 1359 μεν
848 1295 1047 1359 ταῦτα,
1091 1292 1133 1344 ώ
1162 1290 1480 1360 Σώκρατες,
1523 1287 1724 1359 οὕτως,
1764 1310 1836 1352 ως
1868 1287 1938 1342 σύ

268 1378 468 1442 λέγεις·
504 1380 680 1427 εἴωθα
706 1374 893 1442 μέντοι
918 1377 1090 1442 ἔγωγε
1118 1371 1247 1437 τοὺς
1269 1373 1537 1436 παλαιούς
1556 1394 1613 1426 τε
1635 1373 1724 1426 καὶ
1743 1375 1929 1439 προτέ-

269 1476 402 1524 ρους
431 1451 591 1524 ἡμῶν
622 1457 927 1525 προτέρους
954 1477 1011 1509 τε
1041 1456 1363 1524 καὶμᾶλλον
1384 1454 1736 1524 ἐγκωμιάζειν
1753 1450 1789 1524 ἢ
1811 1453 1937 1518 τοὺς

267 1541 394 1605 νῦν,
415 1532 826 1606 εὐλαβούμενος
845 1535 948 1606 μὲν
960 1536 1185 1606 φθόνον
1201 1543 1311 1591 τῶν
1330 1537 1567 1607 ζώντων,
1590 1535 1940 1607 φοβούμενος

269 1620 328 1672 δὲ
347 1624 515 1688 μῆνιν
534 1624 646 1673 τών
665 1619 1144 1690 τετελευτηκότων.

410 1705 536 1754 Σῼ.
591 1706 790 1765 Καλῶς
818 1724 879 1770 γε
910 1702 1010 1769 σύ,
1054 1696 1096 1755 ώ
1123 1699 1329 1771 Ἱππία,
1368 1708 1604 1774 νομίζων
1633 1722 1691 1756 τε
1710 1701 1801 1756 καὶ
1821 1704 1940 1754 δια-

269 1782 603 1853 νοούμενος,
636 1781 709 1847 ὡς
731 1788 912 1853 ἔμοιγε
932 1789 1123 1848 δοκεῖς.
1154 1792 1611 1855 συμμαρτυρῆσαι
1631 1787 1692 1838 δέ
1710 1799 1798 1838 σοι
1819 1786 1939 1853 ἔχω,

271 1863 356 1919 ὅτι
383 1863 569 1936 ἀληθῆ
598 1867 798 1935 λέγεις,
838 1869 928 1921 καὶ
954 1873 1030 1938 τῷ
1061 1865 1181 1920 ὄντι
1200 1864 1357 1936 ὑμῶν
1377 1868 1706 1920 ἐπιδέδωκεν
1728 1862 1762 1935 ἡ
1782 1867 1939 1934 τέχνη

270 1947 409 2017 πρὸς
443 1946 504 2002 τὸ
544 1949 635 2003 καὶ
671 1945 737 2003 τὰ
776 1949 1011 2019 δημόσια
1048 1948 1309 2020 πράττειν
1346 1948 1626 2003 δύνασθαι
1659 1946 1793 2018 μετὰ
1830 1954 1944 2001 τῶν

274 2034 446 2086 ἰδίων.
484 2036 722 2101 Γοργίας
740 2053 797 2086 τε
816 2030 923 2101 γαρ
945 2025 1106 2096 οὗτος
1127 2028 1155 2086 6
1173 2038 1466 2094 Λεοντῖνος
1487 2030 1751 2100 σοφιστὴς
1773 2032 1940 2097 δεῦρο

276 2110 506 2181 ἀφίκετο
527 2116 762 2186 δημοσία
785 2122 1014 2169 οἴκοθεν
1032 2113 1384 2184 πρεσβεύων,
1417 2111 1489 2177 ὠς
1508 2111 1842 2175 ἱκανώτατος
1862 2106 1942 2165 ὢν

271 2198 589 2249 Λεοντίνων
615 2194 681 2249 τὰ
701 2194 860 2251 κοινὰ
884 2196 1169 2267 πράττειν,
1211 2196 1301 2250 καὶ
1318 2200 1378 2250 ἔν
1397 2217 1454 2250 τε
1475 2201 1549 2268 τῷ
1581 2195 1734 2268 δήμῳ
1758 2197 1942 2259 ἔδοξεν

272 2275 468 2347 ἄριστα
498 2282 696 2346 εἰπεῖν,
730 2280 821 2334 καὶ
851 2283 961 2352 ἰδίᾳ
991 2282 1270 2344 ἐπιδείξεις
1290 2279 1621 2348 ποιούμενος
1641 2279 1731 2333 καὶ
1750 2274 1939 2332 συνών

213 2366 244 2407 C
275 2371 387 2423 τοῖς
405 2360 550 2422 νέοις
567 2360 814 2430 χρήματα
845 2359 1018 2416 πολλα
1050 2361 1336 2431 εἰργάσατο
1367 2361 1456 2415 καὶ
1485 2362 1726 2430 «ξ”λαβεν
1700 2382 1758 2414 εκ
1776 2361 1940 2428 τῆσδε

273 2462 368 2539 της
396 2441 631 2505 πόλεως·
672 2448 722 2497 εἰ
748 2444 806 2499 δε
836 2443 1052 2514 βούλει,
1090 2439 1117 2498 6
1148 2441 1408 2513 ἡμέτερος
1440 2443 1648 2511 ἑταῖρος
1665 2440 1941 2511 Πρόδικος

276 2523 437 2586 οὑτος
472 2525 736 2589 πολλάκις
765 2548 867 2595 μεν
895 2528 987 2581 καὶ
1018 2525 1213 2581 άλλοτε
1244 2529 1476 2597 δημοσια
1507 2522 1760 2594 ἄφίκετο,
1801 2521 1938 2591 άτάρ

275 2604 341 2658 τὰ
360 2612 641 2661 τελευταῖα
661 2612 887 2677 ἔναγχος
916 2607 1253 2678 ἀφικόμενος
1282 2611 1513 2678 δημοσία
1543 2609 1601 2661 ἐκ
1620 2606 1744 2659 Κέω
1764 2607 1942 2674 λέγων

275 2685 325 2740 τ’
349 2688 408 2742 ἐν
426 2694 495 2759 τῇ
509 2693 686 2759 βουλῇ
704 2689 854 2743 πάνυ
871 2687 1198 2759 εὐδοκίμησε
1217 2691 1305 2742 καὶ
1323 2692 1432 2759 ἰδίᾳ
1451 2689 1726 2751 ἐπιδείξεις
1746 2686 1941 2741 ποιού-

275 2791 442 2840 μενος
461 2770 550 2824 καὶ
569 2782 679 2834 τοῖς
699 2772 843 2834 νέοις
860 2771 1048 2825 συνών
1064 2771 1308 2840 χρήματα
1326 2774 1483 2840 ε”λαβε
1502 2768 1798 2837 θαυμαστὰ
1820 2767 1938 2823 ὅσα.

274 2858 387 2907 τῶν
409 2852 465 2907 δὲ
484 2858 733 2907 παλαιῶν
750 2855 976 2907 ἐκείνων
996 2851 1175 2916 οὐδεὶς
1192 2851 1411 2906 πώποτε
1426 2848 1656 2921 ἠξίωσεν
1671 2849 1940 2922 ἀργύριον
