2020 3094
814 60 1116 108 ΛΑΧΗΣ.
1732 57 1799 112 57

129 195 269 263 λέγω
288 190 358 248 ού
378 197 608 263 uagam,
646 188 769 247 ἀλλ’
801 190 1107 263 ἀναγκαῖον
1132 190 1280 264 οἶμαι
1299 199 1377 266 τῷ
1394 200 1566 249 ταῦτα
1584 196 1799 263 λέγοντι

129 274 364 344 μηδενὸς
383 278 590 344 θηρίου
605 270 974 344 ἀποδέχεσθαι
992 272 1279 343 ἀνδρείαν,
1314 269 1351 345 ἦ
1371 278 1669 344 ξυγχωρεῖν
1688 281 1799 345 θη·-

131 362 255 423 ρίον
270 377 322 411 τι
341 354 488 410 οὕτω
509 353 691 424 σοφὸν
710 353 848 410 εἶναι
861 397 877 425 ,
900 354 1038 410 ὥστε
1060 352 1095 409 ἃ
1117 352 1292 425 ὀλίγοι
1310 354 1631 425 ἀνθρώπων
1650 363 1799 411 ἴσασι

130 435 220 492 διὰ
254 435 315 491 τὸ
350 434 556 506 χαλεποὶ
591 434 729 490 εἶναι
755 442 992 506 γνῶναι,
1031 442 1203 491 ταῦτα
1234 437 1429 491 λέοντα
1458 431 1495 507 ἢ
1523 436 1800 506 πάρδαλιν

126 516 165 588 ἤ
181 539 304 572 τινα
323 516 541 584 κάπρον
560 516 733 586 φάναι
752 517 954 571 εἰδέναι
970 536 981 547 ·
1003 514 1123 571 ἀλλ’
1149 514 1363 587 ἀνάγκη
1384 515 1583 588 ὁμοίως
1603 523 1799 575 λέοντα

127 600 214 654 καὶ
244 603 455 669 ἔλαφον
483 599 573 653 καὶ
603 603 813 664 ταῦρον
834 599 925 652 καὶ
953 602 1199 668 πίθηκον
1227 597 1364 667 πρὸς
1393 597 1657 668 ἀνδρείαν
1686 601 1794 671 φά-

124 701 218 734 ναι
255 680 560 749 πεφυκέναι
591 675 691 733 τὸν
719 682 1014 749 τιθέμενον
1050 677 1311 747 ἀνδρείαν
1345 680 1514 735 τοῦθ’
1552 679 1689 751 ὅπερ
1727 678 1798 735 σύ

123 766 352 816 τίθεσαι.

265 848 384 898 ΛΑ.
439 839 530 911 Νὴ
553 839 682 906 τούς
698 839 894 911 θεούς,
933 841 1024 896 καὶ
1046 835 1111 894 εὖ
1129 861 1191 910 γε
1211 843 1398 912 λέγεις,
1423 836 1467 897 ὦ
1490 842 1796 909 Σώκρατες.
1828 850 1911 898 197

122 927 211 978 καὶ
244 921 374 993 ἡμῖν
402 919 474 987 ὥς
492 920 717 993 ἀληθῶς
734 928 897 977 τοῦτο
916 920 1240 991 ἀπόκριναι,
1265 916 1310 977 ὦ
1328 928 1528 994 Νικία,
1561 922 1799 991 πότερον

122 1005 413 1076 σοφώτερα
433 1001 541 1076 φῂς
558 1002 719 1075 ἡμῶν
736 1008 908 1058 ταῦτα
932 1001 1071 1058 εἶναι
1089 1001 1154 1057 τὰ
1173 1008 1363 1075 θηριά,
1383 1000 1418 1059 ἃ
1441 1004 1643 1068 πάντες
1661 1001 1798 1075 ὁμο-

124 1092 402 1156 λογοῦμεν
429 1082 655 1154 ἀνδρεῖα
685 1083 853 1154 εἶναι,
890 1080 927 1155 ἢ
947 1090 1118 1138 πᾶσιν
1146 1086 1568 1157 ἐναντιούμενος
1594 1092 1797 1159 τολμᾷς

121 1166 258 1238 μηδὲ
276 1164 503 1236 ἀνδρεῖα
523 1163 662 1221 αὐτὰ
690 1173 906 1232 καλεῖν;

264 1255 363 1304 NI.
418 1246 506 1304 Οὐ
523 1247 632 1319 γάρ
651 1271 702 1302 τι
716 1290 730 1316 ,
767 1241 811 1302 ὦ
829 1247 1038 1319 Λάχης,
1061 1254 1230 1319 ἔγωγε
1251 1247 1477 1318 ἀνδρεῖα
1498 1255 1650 1306 καλοῖ
1668 1248 1796 1305 οὔτε

119 1336 293 1402 θηρία
330 1328 457 1385 οὔτε
491 1328 625 1384 ἄλλο
655 1327 821 1385 οὐδὲν
849 1328 909 1384 τὸ
941 1330 1007 1384 τά
1042 1328 1197 1385 δεινὰ
1229 1327 1338 1386 ὑπὸ
1374 1329 1564 1396 ἀνοίας
1593 1328 1665 1401 μὴ
1688 1352 1791 1402 φο-

117 1412 413 1485 βούμενον,
434 1409 559 1466 ἀλλ’
581 1410 800 1483 ἄφοβον
820 1414 909 1467 καὶ
926 1412 1142 1483 μωρόν·
1162 1409 1198 1482 ἦ
1218 1410 1388 1468 καὶτὰ
1411 1416 1598 1468 παιδία
1614 1413 1795 1468 πάντα

119 1503 219 1552 οἴει
241 1516 307 1566 με
329 1492 557 1562 ἀνδρεῖα
576 1501 791 1563 καλεῖν,
814 1491 850 1547 ἃ
870 1491 943 1549 δι’
965 1493 1163 1550 ἄνοιαν
1182 1492 1348 1549 οὐδὲν
1366 1496 1635 1558 δέδοικεν;
1667 1491 1790 1548 ἀλλ’
1826 1505 1861 1545 Β

118 1574 267 1646 οἶμαι
301 1577 363 1632 τὸ
402 1575 622 1646 ἄφοβον
659 1576 748 1630 καὶ
778 1575 839 1630 τὸ
869 1574 1127 1643 ἀνδρεῖον
1157 1573 1227 1630 οὐ
1255 1573 1463 1631 ταύτόν
1489 1577 1652 1630 ἐστιν.
1687 1574 1794 1646 ἐγώ

123 1655 181 1712 δὲ
201 1655 458 1726 ἀνδρείας
478 1657 581 1727 μὲν
604 1658 694 1712 καὶ
715 1665 1060 1728 προμηθείας
1079 1657 1231 1713 πάνυ
1252 1659 1397 1714 τισὶν
1416 1657 1621 1728 ὀλίγοις
1645 1655 1794 1728 οἶμαι

119 1750 359 1807 μετεῖναι
372 1780 385 1805 ,
406 1737 759 1808 θρασύτητος
778 1739 837 1794 δὲ
855 1741 946 1794 καὶ
964 1741 1166 1810 τόλμης
1185 1740 1275 1794 καὶ
1292 1746 1393 1794 τοῦ
1413 1737 1638 1810 ἀφόβου
1656 1737 1790 1809 μετὰ

116 1816 495 1889 ἀπρομηθείας
515 1817 664 1873 πάνυ
684 1826 906 1885 πολλοῖς
924 1822 1015 1877 καὶ
1044 1818 1272 1888 ἀνδρῶν
1290 1823 1381 1877 καὶ
1399 1827 1684 1891 γυναικῶν
1702 1822 1792 1876 καὶ

119 1902 332 1955 παίδων
362 1900 452 1955 καὶ
482 1905 713 1970 θηρίων.
754 1899 910 1956 ταῦτ’
944 1895 1050 1957 οὖν
1075 1899 1113 1957 ὁὶ
1136 1900 1207 1956 σὺ
1236 1910 1418 1968 καλεῖς
1446 1902 1675 1972 ἀνδρεῖα
1703 1903 1794 1959 καὶ

118 1985 175 2036 οί
189 1986 398 2049 πολλοί,
422 1979 526 2050 ἐγώ
545 1985 759 2049 θρασέα
783 1990 961 2052 καλῶ,
985 1982 1212 2054 ἀνδρεῖα
1232 1984 1290 2040 δὲ
1308 1983 1375 2041 τά
1398 1985 1649 2056 φρόνιμα
1668 1987 1791 2053 περὶ
1826 1994 1859 2037 C

114 2055 196 2117 ὦν
213 2064 368 2133 λέγω.

251 2149 435 2201 XXVI.
507 2151 625 2202 AA.
685 2148 918 2217 Θέασαι,
953 2141 998 2201 ὦ
1012 2147 1335 2218 Σώκρατες,
1370 2145 1442 2212 ὡς
1461 2141 1525 2203 εὖ
1547 2145 1641 2202 ὅδε
1661 2148 1793 2202 ἑαυ-

111 2221 215 2278 τὸν
237 2224 332 2294 δή,
355 2222 428 2289 ὥς
449 2233 644 2297 οἴεται,
667 2238 864 2297 κοσμεῖ
875 2233 951 2301 τῷ
974 2228 1120 2302 λόγῳ
1134 2251 1146 2263 ·
1167 2226 1265 2294 οὓς
1287 2228 1345 2285 δὲ
1367 2229 1567 2293 πάντες
1585 2226 1791 2299 ὁμολο-

112 2313 312 2377 γοῦσιν
349 2306 641 2375 ἀνδρείους
686 2307 825 2364 εἶναι
839 2352 854 2380 ,
903 2310 1136 2375 τούτους
1174 2308 1498 2380 ἀποστερεῖν
1534 2313 1795 2382 ἐπιχειρεῖ

109 2389 310 2460 ταύτης
327 2396 422 2460 τῆς
440 2395 611 2460 τιμῆς.

260 2477 357 2528 NI.
420 2470 650 2528 Οὔκουν
668 2477 837 2544 ἔγωγε
852 2515 867 2543 ,
906 2466 953 2529 ὦ
970 2474 1180 2547 Λάχης,
1219 2473 1357 2532 ἀλλά
1380 2474 1584 2546 θάρρει
1599 2497 1610 2508 ·
1650 2480 1786 2548 φημὶ

109 2552 214 2621 γάρ
235 2569 295 2608 σε
317 2551 456 2608 εἶναι
478 2554 687 2624 σοφόν,
718 2556 806 2609 καὶ
827 2555 1091 2626 Λάμαχόν
1108 2577 1187 2628 γε,
1211 2564 1363 2628 εἴπερ
1384 2558 1500 2612 ἐστὲ
1522 2557 1786 2627 ἀνδρεῖοι,

108 2635 198 2689 καὶ
217 2632 419 2700 ἄλλους
437 2657 498 2705 γε
518 2634 755 2706 συχνούς
772 2635 1095 2710 Ἀθηναίων.
