1962 3112
152 158 213 204 29
641 151 961 200 ΙΠΠΙΑΣ
990 149 1351 199 ΜΕῙΖΩΝ.
1729 143 1831 198 391

153 282 192 358 ἦ
210 286 450 343 ἐλάττων
467 281 505 357 ἦ
521 291 735 356 μᾶλλον
753 280 790 355 ἢ
807 277 978 356 ἧττόν
1006 285 1183 354 ἐστιν,
1213 279 1326 339 ἀλλ’
1350 290 1405 340 εἴ
1426 303 1508 346 τις
1527 278 1677 354 αὐτῷ
1700 276 1833 335 τού-

153 389 233 444 τῳ
251 369 527 440 διαφέρει,
565 374 646 443 τῷ
666 366 696 438 ἡ
719 367 821 439 μὲν
839 363 1013 438 ἡδονὴ
1034 363 1174 421 εἶναι
1188 407 1202 434 ,
1240 361 1275 435 ἡ
1298 363 1357 420 δὲ
1375 363 1450 436 μὴ
1471 361 1678 435 ἡδονή,
1716 366 1824 416 τῶι

151 447 402 521 ἡδουῶν;
438 449 540 521 οὐχ
561 449 690 522 ἡμῖν
710 471 774 521 γε
793 453 967 506 δοκεῖ·
1007 446 1077 504 οὐ
1094 447 1233 518 γάρ;

293 539 394 591 ΙΠ.
438 532 525 589 Οὐ
542 533 650 604 γὰρ
671 528 776 589 οὖν
792 537 954 589 δοκεῖ.

293 621 419 671 ΣΩ.
460 614 721 687 Οὐκοῦν,
742 621 933 688 φήσει,
966 612 1030 670 δι’
1055 613 1194 671 ἄλλο
1213 637 1295 685 τι,
1327 609 1365 685 ἢ
1385 611 1470 668 ὅτι
1488 610 1693 684 ἡδοναί
1705 615 1826 683 εἰσι,

152 703 482 767 προείλεσθε
517 698 722 765 ταύτας
754 697 851 765 τὰς
888 694 1099 769 ἡδονάς
1134 699 1195 752 ἐκ
1224 718 1337 752 των
1366 694 1555 751 α’λλων
1582 692 1826 765 ἡδονῶν,

153 779 412 836 τοιοῦτόν
432 801 485 835 τι
504 777 747 850 ὁρῶντες
765 779 845 838 ἐπ’
868 779 1109 852 ἀμφοῖν,
1152 777 1237 835 ὅτι
1265 782 1455 849 ἔχουσι’
1478 800 1530 832 τι
1551 777 1829 848 ’διάφορον
1857 791 1890 834 R

154 869 268 919 ταῖν
286 862 503 934 αλλων,
534 861 652 928 εἰς
631 863 666 919 ο“
684 862 1094 936 ἀποβλέποντες
1115 861 1289 926 καλάς
1308 882 1447 930 φατε
1467 857 1640 925 αὐτὰς
1661 858 1830 928 εἷναι;

152 965 223 1000 ου
240 945 350 1015 γάρ
370 965 456 1000 πω
477 945 566 1000 διὰ
586 952 751 1002 τοῦτο
772 946 914 1017 καλή
935 949 1085 1001 ἐστιν
1120 941 1295 1016 ἡδονὴ
1327 941 1362 1014 ἡ
1392 942 1481 998 διὰ
1511 948 1606 1014 τῆς
1629 941 1826 1015 ὅψεως,

149 1025 236 1082 ὅτι
255 1024 319 1082 δι’
343 1025 528 1093 ὄψεώς
547 1029 722 1083 ἐστιν·
763 1033 813 1085 εἰ
828 1028 935 1100 γὰρ
956 1033 1122 1084 τοῦτο
1152 1021 1224 1098 ἦν
1244 1025 1384 1098 αὐτῇ
1404 1026 1466 1082 τό
1491 1033 1670 1082 αἴτιον
1687 1033 1830 1099 καλῇ

148 1106 317 1180 εἶναι,
354 1107 459 1164 οὐκ
486 1108 560 1164 ἆυ
587 1130 719 1167 ποτε
737 1106 862 1183 ἧνὴ
893 1113 1075 1182 ἑτέρα,
1111 1108 1145 1182 ἡ
1170 1109 1260 1166 διὰ
1290 1116 1386 1182 τῆς
1418 1108 1615 1181 ἀκοῆς,
1654 1109 1824 1182 καλή·

146 1188 361 1247 οὔκουν
379 1194 491 1246 ἔστι
510 1212 572 1261 γε
593 1190 659 1247 δι’
680 1190 860 1259 ὅψεως
877 1191 1069 1266 ἡδονή.
1115 1192 1300 1265 ἀληθῆ
1325 1194 1516 1263 λέγεις,
1538 1193 1822 1264 φήσομεν,
1809 1218 1821 1230 ·

285 1279 387 1330 ῙΠ.
428 1274 687 1346 Φήσομεν
700 1276 824 1346 γάρ.

291 1361 416 1411 ΣΩ.
457 1354 612 1414 Οὖδέ
628 1355 674 1428 γ’
689 1352 763 1413 αὖ
779 1357 814 1431 ἡ
835 1356 899 1414 δι’
914 1356 1084 1431 ἀκοῆς
1104 1358 1342 1432 ἡδονή,
1318 1358 1405 1416 ότι
1424 1356 1488 1415 δι’
1504 1358 1674 1430 ἀκοῆς
1695 1361 1825 1430 ἐστι’,
1856 1376 1944 1422 300

146 1436 238 1495 διὰ
266 1461 439 1496 ταυτα
466 1441 727 1511 τυγχάνει
756 1440 1031 1513 καλή·οὐ
1053 1440 1161 1512 γὰρ
1191 1440 1263 1498 οἷν
1293 1462 1425 1497 ποτε
1460 1443 1533 1495 αὐ
1561 1437 1596 1511 ἡ
1619 1437 1708 1496 διὰ
1729 1445 1826 1511 τῆς

146 1519 326 1588 ὄψεως
343 1521 483 1593 καλὴ
505 1516 602 1592 ἦν·
640 1523 854 1580 οὔκουν
877 1529 989 1581 ἔστι
1018 1547 1081 1595 γε
1104 1523 1167 1581 δι’
1190 1523 1361 1596 ἀκοῆς
1388 1521 1579 1597 ἡδονή.
1636 1521 1826 1595 ἀληθῆ

144 1604 427 1676 φήσομεν,
447 1627 491 1661 ω
505 1602 711 1677 [ππία,
734 1610 914 1678 λέγειν
936 1604 1036 1664 τὸν
1055 1606 1237 1678 ἄνδρα
1254 1613 1428 1664 ταῦτα
1448 1611 1707 1678 λέγοντα;

281 1691 381 1743 m.
423 1684 648 1758 Ἀληθῆ.

284 1774 410 1825 ΣΩ.
459 1767 620 1826 Ἀλλὰ
654 1768 767 1842 μὴν
795 1769 1108 1843 ἀμφότεραί
1131 1771 1175 1844 γ’
1203 1776 1306 1829 εἰσὶ
1334 1777 1525 1843 καλαί,
1565 1771 1642 1838 ὦς
1661 1775 1816 1844 φατέ.

141 1854 326 1923 φαμὲν
341 1851 475 1922 roim

280 1939 381 1991 ῙΠ.
420 1937 625 2005 Φαμέν.

286 2022 409 2074 ΣΩ.
439 2017 699 2088 ’Ἐχουων
729 2017 840 2087 ἄρα
870 2042 920 2075 τι
950 2020 1012 2077 τὸ
1032 2020 1197 2093 αὐτό,
1236 2019 1269 2078 ὃ
1297 2034 1445 2078 ποιεῖ
1459 2019 1629 2086 αὐτὰς
1649 2018 1821 2087 καλὰς

143 2097 311 2169 εἶναι,
348 2098 411 2156 td
431 2099 627 2157 κοινὸν
656 2108 849 2173 τοῦτο,
887 2101 919 2159 ὂ
949 2107 1039 2160 καὶ
1066 2104 1404 2177 ἀμφοτέραις
1424 2103 1615 2168 αὐταῖς
1634 2106 1820 2159 ἔπεστι

139 2187 301 2254 κοινῇ
321 2183 412 2238 καὶ
431 2183 660 2256 ἑκατέρᾳ
678 2187 789 2258 ἰδίᾳ
805 2207 816 2217 ·
858 2183 928 2242 οὐ
949 2185 1057 2258 γὰρ
1078 2186 1149 2243 ἄν
1168 2207 1279 2243 που
1300 2186 1481 2251 ἄλλως
1509 2184 1824 2257 ἀμφότεραί
1847 2203 1880 2247 Β

137 2286 195 2321 τε
216 2266 376 2321 καλαὶ
397 2259 540 2336 ἦσαν
558 2268 649 2322 καὶ
670 2268 914 2338 ἑκατέρα.
962 2267 1274 2341 ἀποκρίνου
1293 2273 1414 2342 ἐμοὶ
1435 2268 1509 2336 ὥς
1528 2272 1736 2343 ἐκείνῳ.

280 2353 382 2404 ΙΙΙ.
420 2347 838 2422 Ἀποκρίνομαι,
871 2354 963 2408 καὶ
982 2354 1101 2423 ἐμοὶ
1122 2356 1279 2409 δοκεῖ
1296 2358 1439 2424 ἔχειν
1463 2350 1536 2419 ὥς
1554 2355 1741 2423 λέγεις.

279 2437 404 2487 ΣΩ.
437 2436 510 2488 Εἰ
537 2430 644 2500 ἄρα
674 2457 726 2490 τι
754 2429 917 2491 αὗται
946 2440 1007 2492 αἱ
1031 2434 1227 2508 ἡδοναὶ
1256 2434 1566 2507 ἀμφότεραι
1602 2435 1840 2508 πεπόνγ

133 2521 335 2585 θασιν,
356 2516 581 2586 ἑκατέρα
601 2516 660 2573 δὲ
676 2516 778 2589 μή,
800 2516 905 2574 οὐκ
921 2515 996 2575 ἂν
1016 2519 1195 2593 τούτῳ
1215 2540 1276 2589 γε
1296 2526 1372 2595 τῷ
1392 2519 1682 2591 παθήματι
1701 2517 1814 2577 εἶεν

132 2604 308 2655 καλαί.

273 2686 376 2740 ῙΠ.
415 2685 522 2739 Καὶ
543 2690 659 2748 πῶς
678 2679 750 2739 ἄν
769 2692 853 2755 εἴη
873 2691 1037 2741 τοῦτο
1051 2727 1067 2757 ,
1107 2678 1152 2741 ὦ
1170 2684 1495 2756 Σώκρατες,
1514 2689 1813 2758 μηδετέρας

136 2772 478 2831 πεπονθυίας
496 2789 547 2821 τι
565 2771 679 2821 τῶν
699 2764 879 2822 ὄντων
899 2764 1122 2840 ὁτιοῦν,
1142 2773 1325 2825 ἔπειτα
1344 2774 1508 2824 τοῦτο
1529 2767 1591 2823 τὸ
1610 2766 1811 2837 πάθος,

134 2842 165 2901 ὃ
190 2850 458 2919 μηδετέρα
477 2851 768 2905 πέπονθεν
783 2892 796 2919 ,
819 2847 1137 2921 ἀμφοτέρας
1158 2854 1532 2917 πεπονθέναις
