1962 3112
271 152 373 203 268
861 151 1341 200 ΠΛΑΤΩΝΟΣ
1884 161 1943 206 70

270 291 397 358 γίαν
427 287 518 340 καὶ
543 286 800 355 ἐξέπληξα
826 286 916 339 καὶ
936 284 1300 354 αἰσχύνεσθαι
1319 286 1572 357 ἐποίησα,
1610 282 1681 340 σύ
1703 284 1761 341 δὲ
1781 283 1849 340 οὐ
1867 284 1940 358 μὴ

272 369 547 437 ἐκπλαγῇς
566 362 696 419 οὐδὲ
717 362 790 435 μὴ
815 369 1145 436 αἰσχυνθῇς·
1168 364 1418 437 ἀνδρεῖος
1439 365 1546 438 γὰρ
1569 367 1628 423 εἴ.
1650 365 1776 424 ἀλλ’
1798 366 1939 423 ἀπο-

269 453 466 518 κρίνου
484 447 674 517 μόνον.

408 535 579 586 ΚΑΛ.
646 530 792 601 Φημὶ
827 534 1020 584 τοίνυν
1062 532 1154 585 καὶ
1195 530 1292 586 τὸν
1338 531 1627 601 κνώμενον
1660 528 1833 602 ἡδέως
1869 527 1940 586 ἂν

270 619 482 683 βιῶναι.

409 699 533 749 ΣΩ.
591 690 820 749 Οὐκοῦν
840 701 991 764 εἰπερ
1009 691 1208 765 ἡδέως,
1230 697 1320 750 καὶ
1339 692 1703 765 εὐδαιμόνωςς

410 781 583 830 ΚΑΛ.
637 775 802 830 Πάνυ
821 798 898 846 γε.

209 869 242 909 Ε
417 862 541 912 ΣΩ.
598 857 852 925 Πότερον
874 863 922 913 εἰ
942 858 1044 929 τὴν
1067 858 1318 929 κεφαλὴν
1337 858 1512 930 μόνον
1531 865 1738 933 κνησιῷ
1750 901 1766 928 ,
1805 855 1841 930 ἢ
1862 864 1940 915 ἔτι

269 945 325 995 τί
336 955 397 995 σε
416 942 604 1010 ἐρωτῶ
616 962 630 1005 ;
662 938 790 1009 ὅρα,
812 934 856 995 ῶ
879 946 1223 1012 Καλλίκλεις,
1254 947 1309 996 τί
1325 939 1635 1011 οἷποκρινεῐ,
1667 941 1765 996 ἐάν
1784 946 1863 1006 τίς
1881 957 1958 996 σε·

268 1024 336 1077 τα
373 1021 603 1092 ἐχόμενα
635 1022 852 1086 τούτοις
887 1025 1081 1093 ’ἐφεξῆς
1117 1022 1335 1078 ἅπαντα
1368 1025 1568 1094 ἐρωτᾷ·
1610 1024 1701 1078 καὶ
1730 1023 1942 1078 τούτων

268 1103 538 1159 τοιούτων
559 1101 740 1159 ὄντων
759 1105 1092 1175 κεφάλαιον,
1133 1104 1162 1160 ὁ
1183 1113 1295 1160 τῶν
1316 1109 1580 1160 κιναίδων
1598 1109 1742 1176 βίος,
1781 1098 1943 1170 οὗτος

270 1183 339 1241 οὐ
369 1186 548 1251 δεινὸς
580 1190 670 1242 καὶ
700 1186 924 1258 αἰσχρὸς
955 1190 1046 1244 καὶ
1074 1187 1298 1253 diffitens-3
1343 1183 1379 1257 ἢ
1407 1187 1637 1251 τούτους
1659 1186 1944 1258 τολμήσεις

267 1270 448 1338 λέγειν
465 1266 795 1340 εὐδαίμονας
811 1268 968 1338 εἶναι,
989 1269 1088 1326 ἐαν
1107 1267 1378 1340 ἀφθόνως
1393 1273 1586 1339 ἔχωσιν
1603 1293 1682 1325 ων
1700 1273 1962 1326 δέονταιν
1929 1312 1942 1334 ,

407 1357 576 1407 ΚΑΛ.
635 1350 755 1407 Οὐκ
777 1353 1023 1423 αἰσχύνει
1041 1357 1114 1417 εἰς
1130 1358 1355 1407 τοιαῦτα
1375 1351 1544 1422 ἄγων,
1568 1355 1610 1407 ῶ
1631 1352 1962 1429 Σώκρατες,

265 1454 397 1496 τους
417 1432 643 1502 λόγους;
1955 1494 1957 1505 ⁴

406 1520 530 1570 Σ-Ω.
579 1509 651 1570 ’H
665 1516 771 1586 γὰρ
792 1515 945 1587 ἐγώ’
920 1517 1035 1586 α’γω
1055 1520 1317 1588 ἐνταῦθα,
1345 1510 1389 1572 ῶ
1407 1529 1644 1588 γενναῖε,
1661 1513 1699 1588 ἠ
1719 1520 1939 1588 ἐκεῖνος,

267 1595 328 1663 ὃς
348 1594 419 1653 ἂν
442 1605 522 1669 φῇ
544 1595 746 1668 ἀνέδην
765 1597 913 1654 οὕτω
931 1600 1060 1663 τοὺς
1077 1604 1386 1670 χαίροντας,
1409 1598 1559 1663 ὅπως
1574 1594 1645 1654 ἂν
1663 1604 1938 1669 χαίρωσιν.

152 1699 237 1743 495
267 1678 601 1751 εὐδαίμονας
635 1678 800 1750 εἶναι,
840 1683 929 1735 καὶ
953 1680 1026 1751 μὴ
1058 1685 1353 1752 διορίζηται
1379 1687 1490 1736 τῶν
1520 1679 1742 1752 ἡδονῶν
1763 1678 1942 1736 ὁποῖαι

267 1761 477 1831 ἀγαθαὶ
503 1764 594 1817 καὶ
621 1769 809 1827 κακαί;
845 1762 969 1818 αλλ’
1002 1768 1079 1819 ἔτι
1107 1764 1199 1818 καὶ
1228 1769 1337 1817 νῦν
1373 1766 1523 1834 λέγε,
1561 1763 1798 1830 πότερον
1835 1759 1947 1834 φῂς

266 1843 408 1899 εἶναι
426 1843 487 1900 τὸ
510 1843 644 1900 αὐτὸ
665 1842 773 1916 ἡδύ
801 1847 892 1901 καὶ
912 1844 1098 1916 αγαθό
1103 1869 1150 1917 ν,
1170 1842 1206 1915 ἦ
1228 1844 1371 1900 εἶναί
1383 1867 1434 1899 τι
1452 1851 1566 1899 τῶν
1583 1843 1814 1916 ἡδέων,
1795 1867 1823 1899 ο
1842 1844 1946 1902 οὐκ

267 1931 418 1982 ἔστιν
439 1925 680 1997 ἀγαθόν·
670 1970 682 1991 ,

411 2015 582 2065 ΚΑΛ.
622 2009 743 2065 Ίνα
771 2011 840 2081 δή
869 2033 962 2082 μοι
991 2010 1064 2082 μὴ
1099 2009 1612 2081 ἆνομολογούμενος
1639 2003 1675 2082 ἦ
1701 2007 1729 2064 ὁ
1761 2008 1894 2079 λόγο
1915 2027 1919 2030 ’

271 2088 370 2147 ἐὰν
390 2093 581 2161 ἕτερον
602 2092 763 2163 φήσω
783 2091 948 2163 εἶναι,
969 2091 1029 2148 τὸ
1052 2091 1192 2147 αὐτό
1213 2115 1353 2163 φημι
1373 2092 1524 2147 εἶναι.
1915 2108 1930 2147 ⁷1

411 2181 535 2230 ΣΩ.
596 2181 978 2247 Διαφθείρεις,
1001 2169 1045 2231 ῶ
1066 2180 1409 2245 Καλλίκλεις,
1428 2175 1558 2240 τοὺς
1577 2175 1829 2244 πρώτους
1847 2173 1927 2231 Za*

269 2279 431 2328 γους,
466 2259 558 2314 καὶ
588 2257 691 2313 οὐκ
712 2254 783 2312 ἂν
804 2264 880 2314 ἔτι
899 2256 1017 2329 μετ’
1042 2261 1181 2329 ἐμοῦ
1199 2260 1404 2322 ἱκανῶς
1421 2258 1487 2311 τά
1510 2255 1640 2312 ὄντα
1661 2258 1924 2322 ἐξετάζοι
1959 2291 1962 2293 -

270 2348 422 2409 εἴπερ
442 2341 590 2411 παρα
611 2338 677 2394 τὰ
700 2343 974 2395 δοκοῦντα
995 2347 1181 2410 σαυτῷ
1199 2342 1349 2411 ἐρεῖς.
1910 2352 1911 2357 ’

204 2443 236 2483 Β
408 2427 579 2476 KAA.
632 2425 742 2477 Καὶ
761 2421 867 2492 γὰρ
890 2422 989 2493 σύ,
1024 2425 1065 2476 ὠ
1089 2422 1397 2491 Σώκρατες.
1898 2484 1902 2487 ,
1955 2488 1962 2504 ι

409 2510 533 2559 ΣΩ.
595 2503 680 2559 Οὐ
711 2511 903 2560 τοίνυν
930 2503 1118 2573 ὀρθως
1147 2508 1289 2559 ποιῶ
1309 2501 1428 2558 ούτ’
1454 2502 1588 2599 ἐγω,
1630 2510 1780 2570 εἴπερ
1801 2523 1899 2557 ποι
1955 2511 1957 2516 ’

268 2591 461 2654 τοῦτο,
486 2583 614 2640 ούτε
635 2586 720 2642 σύ
746 2585 867 2641 ἀλλ’
872 2580 957 2656 ,ῶ
974 2586 1233 2657 μακάριε,
1255 2583 1438 2653 ἄθρει,
1461 2582 1533 2654 μὴ
1555 2582 1623 2637 ού
1642 2590 1804 2639 τοῦτο
1824 2578 1861 2655 ᾐ
1897 2604 1923 2662 ᾖ,
1951 2578 1962 2656 ;“

269 2665 492 2736 αγαθόν
504 2708 519 2734 ,
564 2666 624 2721 τὸ
664 2668 884 2732 πάντως
918 2675 1156 2740 χαίρειν
1193 2666 1364 2722 ταῦτα
1401 2687 1457 2720 τε
1485 2687 1590 2735 γαρ
1622 2688 1688 2720 τα
1726 2671 1834 2720 νῦν
1880 2688 1908 2742 ⁸42
1947 2679 1949 2681 ’

268 2751 586 2819 αἰνιχθέντα
615 2749 789 2805 πολλοὶ
817 2753 909 2806 καὶ
940 2749 1133 2822 αἰσχροὶ
1165 2755 1417 2820 φαίνεται
1452 2753 1855 2819 συμβαίνοντα,

266 2836 431 2887 τοῦτο
452 2829 629 2897 οὕτως
649 2837 756 2902 ἔχει
768 2874 784 2904 ,
805 2833 895 2888 καὶ
915 2831 1055 2889 ἄλλα
1076 2831 1265 2888 πολλοί.
1901 2827 1903 2830 ⁴
