1962 3112
76 98 137 146 ⁹³
564 47 567 50 ’
617 51 1180 146 ’πέπτωκε
1219 54 1249 83 ²
1652 91 1758 144 455

79 222 369 296 θησαυρὸς
396 225 491 279 καὶ
519 223 964 294 μεγαλοπρεπής·
1001 230 1244 295 χρῆσθαι
1263 224 1322 280 δὲ
1351 227 1442 280 καὶ
1458 226 1756 296 χρημάτων

78 310 171 364 καὶ
196 313 372 378 τιμῶν
397 313 701 379 θησαυρῷ,
729 307 822 362 καὶ
849 307 923 377 μὴ
952 318 1066 371 τοῖς
1092 306 1345 376 ’ἐκγόνοις
1365 308 1753 380 παραδιδόναι,

79 388 310 461 αἰσχρὰν
337 390 428 444 καὶ
461 387 774 458 ἄνανδρον,
811 386 1016 462 ἀπορίᾳ
1049 393 1208 444 ἰδίων
1245 387 1423 444 αὑτοῦ
1460 391 1756 462 κτημάτων

75 494 132 527 τε
152 473 242 527 καὶ
262 469 543 536 εὐδοξιῶν.
603 472 694 525 καὶ
717 471 818 525 ἐὰν
834 470 936 540 μὲν
953 477 1127 526 ταῦτα
1149 472 1563 544 ἐπιτηδεύσητε,
1602 479 1756 543 φίλοι

5 623 10 626 -
75 553 223 621 παρὰ
257 559 456 623 φίλους
482 550 624 624 ἡμᾶς
651 551 945 623 ἀφίξεσθε,
982 551 1121 608 ὅταν
1150 552 1292 624 ὑμᾶς
1323 553 1357 626 ἦ
1390 556 1754 626 προσήκουσα
1785 575 1817 618 o

78 648 245 707 μοῖρα
281 641 507 711 κομίσῃ·
560 633 940 705 ἀμελήσαντας
977 634 1036 689 δὲ
1072 632 1215 705 ὑμᾶς
1255 637 1347 692 καὶ
1383 638 1757 705 κακισθέντας

73 717 258 783 οὐδεὶς
294 717 541 789 εὐμενῶς
578 715 916 783 ὑποδέξεται.
982 729 1093 782 τοῖς
1127 719 1230 788 μὲν
1265 714 1374 775 οὖν
1410 723 1565 777 παισὶ
1603 720 1750 777 ταῦτ’

73 801 332 872 εἰρήσθω.

217 890 328 941 XX.
401 885 657 954 Πατέρας
687 884 747 940 δὲ
774 880 961 954 ἡμῶν,
1001 881 1082 947 οἷς
1112 877 1241 953 εἰσί,
1280 884 1371 938 καὶ
1403 884 1640 955 μητέρας
1669 883 1755 941 ἀεὶ

73 966 175 1038 χρὴ
199 975 660 1037 παραμυθεῖσθαι
682 964 754 1031 ῶς
774 969 951 1039 ῥᾷστα
973 965 1170 1035 φέρειν
1189 965 1290 1035 τὴν
1308 966 1628 1036 ξυμφοράν,
1651 965 1753 1022 εὀὶν

72 1051 182 1117 ἄρα
219 1055 398 1122 ξυμβῇ
435 1054 728 1120 γενέσθαι.
768 1052 859 1105 καὶ
888 1048 960 1119 μὴ
994 1047 1407 1116 ξυνοδύρεσθαι
1440 1082 1503 1090 -
1534 1046 1603 1102 οὐ
1642 1071 1750 1119 γαρ

71 1139 172 1187 τοῦ
202 1133 548 1202 λυπήσοντος
579 1133 1045 1203 προσδεήσονται·
1086 1128 1249 1200 ἱκανὴ
1280 1127 1389 1200 γὰρ
1419 1134 1570 1185 ἔσται
1596 1134 1685 1187 καὶ
1715 1129 1749 1201 ἡ

69 1216 339 1284 γενομένη
358 1215 491 1285 τύχη
513 1221 675 1270 τοῦτο
697 1211 1140 1283 πορίζειν-ἀλλ’
1164 1215 1434 1283 ἰωμένους
1452 1215 1543 1269 καὶ
1562 1213 1748 1281 πραΰ-
1777 1231 1812 1274 Β

77 1318 275 1360 νοντας
293 1293 731 1367 ἀναμιμνήσκειν
748 1294 971 1364 αὐτούς,
985 1294 1068 1351 ὅτι
1089 1289 1169 1351 ῶν
1188 1295 1417 1367 εὔχοντο
1438 1295 1503 1351 τὰ
1523 1299 1751 1366 μέγιστα

73 1376 263 1442 αὐτοῖς
292 1381 350 1432 οἱ
376 1380 501 1434 θεοὶ
534 1379 760 1449 ἐπήκοοι
798 1379 1112 1449 γεγόνασιν.
1177 1377 1245 1433 οὐ
1280 1376 1389 1448 γὰρ
1427 1377 1748 1443 ἀθανάτους

70 1465 226 1528 σφίσι
243 1463 441 1523 παῖδας
468 1457 697 1530 εὔχοντο
728 1464 994 1529 γενέσθαι
1020 1458 1132 1516 ἀλλ’
1154 1458 1408 1530 ἁγαθοῦς
1433 1462 1525 1516 καὶ
1554 1458 1750 1517 εὐκλε-

73 1554 170 1605 εῖς·
213 1534 294 1595 ῶν
318 1545 541 1610 ἔτυχον,
579 1547 854 1611 μεγίστων
884 1542 1120 1614 ἀγαθῶν
1151 1541 1354 1603 ὄντων·
1389 1544 1568 1599 πάντα
1599 1543 1658 1600 δὲ
1679 1542 1749 1598 οὐ

70 1623 269 1695 ῥᾴδιον
290 1629 480 1696 θνητῷ
505 1622 662 1692 ἀνδρὶ
693 1623 831 1679 κατὰ
865 1633 1008 1682 νοῦν
1037 1630 1098 1682 ἐν
1119 1632 1197 1698 τῷ
1217 1626 1417 1680 ἑαυτοῦ
1441 1631 1541 1699 βίω
1563 1628 1746 1697 ἐκβαί-

70 1726 206 1761 νειν.
263 1707 353 1760 καὶ
384 1707 648 1775 φέροντες
668 1706 770 1776 μὲν
799 1706 1065 1775 ἀνδρείως
1095 1707 1193 1772 τὰς
1214 1705 1506 1778 συμφορὰς
1526 1706 1750 1772 δόξουσι

68 1792 143 1859 τῷ
180 1784 301 1843 ὄντι
338 1785 611 1856 ἀνδρείων
646 1792 861 1844 παίδων
890 1791 1117 1858 πατέρες
1148 1788 1288 1845 εἶναι
1319 1789 1410 1845 καὶ
1438 1786 1597 1846 αὐτοὶ
1627 1810 1744 1845 τοι-
1774 1802 1809 1848 E

68 1875 249 1938 οῦτοι,
283 1867 603 1934 ὑπείκοντες
622 1873 681 1925 δὲ
711 1869 963 1938 ὑποψίαν
992 1874 1326 1942 παρέξουσιν
1343 1870 1379 1943 ἢ
1399 1874 1471 1944 μὴ
1491 1871 1750 1945 ἡμέτεροι-

68 1949 209 2006 εἷναι
240 1946 277 2021 ἢ
305 1948 463 2022 ἡμῶν
483 1951 614 2016 τούς
643 1956 1009 2019 ἐπαινοῦντας
1037 1955 1511 2021 καταψεύδεσθαι·
1554 1954 1656 2027 χρὴ
1688 1957 1749 2013 δὲ

67 2031 332 2101 οὐδέτερα
348 2034 564 2088 τούτων
578 2077 592 2103 ,
627 2032 745 2090 ἀλλ’
763 2038 1009 2101 ἐκείνους
1028 2037 1262 2107 μάλιστα
1283 2035 1441 2107 ἡμῶν
1460 2040 1747 2103 ἐπαινέτας

67 2114 208 2170 εἶναι
245 2120 416 2190 ἔργῳ,
464 2121 800 2187 παρέχοντας
839 2117 1045 2183 αὐτούς
1093 2122 1469 2189 φαινομένους
1513 2126 1591 2192 τῷ
1627 2119 1747 2178 ὄντι

69 2200 304 2266 πατέρας
335 2198 499 2263 ὄντας
529 2198 738 2267 ἄνδρας
767 2197 1009 2268 ἀνδρῶν.
1064 2200 1234 2256 πάλαι
1261 2198 1369 2271 γὰρ
1400 2200 1466 2271 δὴ
1488 2201 1548 2256 τὸ
1571 2201 1747 2272 μηδὲν

67 2278 212 2348 ἄγαν
241 2281 545 2350 λεγόμενον
574 2287 756 2345 καλῶς
786 2285 941 2338 δοκεῖ
963 2284 1252 2353 λέγεσθαι·
1291 2289 1369 2354 τῷ
1390 2280 1497 2353 γὰρ
1528 2281 1650 2337 ὄντι
1680 2276 1747 2337 εὖ

67 2364 293 2431 λέγεται.
345 2362 455 2436 ὅτῳ
482 2362 587 2433 γὰρ
617 2362 778 2435 ἀνδρὶ
809 2371 884 2429 είς
916 2365 1116 2421 ἑαυτὸν
1145 2363 1445 2436 ἀνήρτηται
1476 2365 1657 2421 πάντα
1677 2367 1743 2420 τὰ

67 2442 207 2511 πρὸς
227 2443 587 2514 εὐδαιμονίαν
606 2449 850 2516 φέροντα
870 2443 907 2518 ἦ
926 2446 1090 2517 ἐγγυς
1109 2448 1337 2518 τούτου,
1360 2449 1451 2502 καὶ
1469 2446 1542 2518 μὴ
1564 2450 1623 2502 ἐν
1641 2446 1740 2503 ἄλ·
1773 2468 1860 2515 243

67 2533 182 2591 λοις
203 2524 525 2595 ἀνθρώποις
544 2533 845 2599 αἰωρεῖται,
886 2533 941 2595 ἐξ
964 2524 1044 2587 ὦν
1070 2527 1110 2601 ἦ
1138 2525 1204 2586 εὖ
1222 2529 1260 2600 ἢ
1292 2537 1474 2596 κακῶς
1495 2530 1745 2600 πραξάν-

67 2630 180 2663 των
198 2616 517 2667 πλανᾶσθαι
538 2608 879 2680 ἠνάγκασται
898 2613 1070 2668 καὶτὰ
1093 2615 1326 2683 ἐκείνου,
1347 2612 1526 2681 τούτῳ
1547 2611 1745 2682 ἄριστα

68 2693 507 2762 παρεσκεύασται
541 2699 666 2765 ζῇν,
706 2688 873 2759 οὗτός
902 2697 1051 2751 ἐστιν
1071 2692 1099 2749 ὁ
1134 2694 1381 2765 σώφρων
1409 2695 1499 2750 καὶ
1529 2687 1693 2757 οὗτος
1711 2693 1740 2750 ὁ

66 2770 320 2841 ἀνδρεῖος
339 2776 429 2829 καὶ
452 2777 746 2844 φρόνιμος·
785 2769 949 2840 οὗτος
971 2778 1315 2847 γιγνομένων
1334 2776 1631 2846 χρημάτων
1651 2776 1742 2831 καὶ
