1962 3112
139 162 202 209 73
691 149 1259 200 ΠΡΩΤΑΓΟΡΑΣ
1718 144 1817 196 161

4 294 18 375 ξ
144 287 304 359 εἶναι,
326 291 500 385 φαίην
517 307 591 340 αν
610 289 780 355 ἔγωγε
801 281 1239 353 ἀποκρινόμενος
1261 286 1340 352 τῷ
1358 282 1657 351 ἐρωτωντι·
1680 277 1820 335 οὐκ·
1851 283 1885 325 D

13 383 17 386 ’
143 377 254 425 οῦν
269 370 361 425 καὶ
380 368 479 431 σός
517 372 655 437 Ναί,
694 371 813 465 ἔφη.
887 370 961 421 Εἰ
976 357 1083 421 οὖν
1109 361 1245 435 μετά
1266 369 1428 420 τοῦτο
1451 360 1593 435 ἡμᾶς
1612 367 1817 434 ἔροιτο·

145 450 358 508 οὐκοῦν
376 452 468 507 καὶ
487 449 744 520 ὁσιότητά
764 447 888 503 τινά
907 469 1046 518 φατε
1065 445 1228 510 εἷναι;
1252 457 1457 517 φαῖμεν
1472 444 1563 513 ἀν,
1587 443 1660 510 ὥς
1682 437 1803 518 ἐγῷ·

141 557 256 606 μαι.
277 539 408 603 Ναί,
428 556 463 604 η
443 527 585 588 '‘'d'
552 555 627 598 ος.
653 528 881 587 Οὐκοῦν
893 529 1031 599 φατὲ
1049 532 1138 585 καὶ
1149 534 1313 585 τοῦτο
1335 528 1559 601 πρᾶγμά
1578 550 1631 583 τι
1650 526 1816 591 εἶναι;

0 605 14 733 p
144 628 351 687 φαῖμεν
369 615 439 671 ἀν
455 637 465 646 ·
487 611 522 686 ἦ
543 613 639 678 οὕς
677 614 786 668 Καὶ
805 618 970 668 τοῦτο
995 615 1227 683 συνέφη.
1302 613 1555 680 Πότερον
1574 610 1633 666 δὲ
1650 615 1816 665 τοῦτο

141 696 280 754 αὐτὰ
303 697 364 754 τὸ
385 697 611 768 πρᾶγμά
631 716 770 767 φατε
797 701 1054 751 τοιοῦτον
1090 695 1398 764 πεφυκέναι
1434 688 1556 748 οἷον
1587 689 1819 747 ἀνόσιον

149 776 338 850 εἶναιῆ
349 774 469 835 οἷον
486 778 671 844 ὅσιον;
694 774 1121 848 ἀγανακτήσαιμ’
1142 773 1216 831 ἀν
1227 773 1400 847 ἔγωγ’,
1421 779 1579 846 ἔφην,
1593 780 1668 848 τῷ
1683 775 1821 844 ἐρω-

147 862 360 934 τήματι,
381 862 472 917 καὶ
492 858 686 931 εἴποιμ’
706 859 804 915 ἄν·
827 858 1081 931 εὐφήμει,
1103 853 1149 913 οἷ
1167 858 1434 930 ἄνθρωπε
1452 879 1462 889 ·
1485 863 1654 928 σχολῇ
1674 852 1817 926 μέντ’

3 943 15 1083 v
145 946 220 1001 ἄν
237 968 289 1000 τι
307 945 441 1001 ἄλλο
459 943 618 1000 ὅσιον
638 951 721 1015 εἴη
736 986 749 1011 ,
784 941 923 1015 εἰμὴ
947 940 1087 1013 αὐτή
1105 963 1167 1012 γε
1184 939 1219 1012 ἡ
1240 938 1456 1011 ὁσιότης
1475 938 1633 995 ὅσιον
1653 942 1815 993 ἔσται.
1851 947 1884 989 Ε

147 1034 203 1084 τί
226 1028 286 1084 δὲ
314 1027 410 1092 σός
429 1025 531 1098 οὐχ
562 1026 740 1091 οὕτως
758 1023 828 1081 ἀν
849 1025 1210 1096 ἀποκρίναιο;
1238 1023 1404 1079 Πάνυ
1423 1021 1524 1093 μὲν
1545 1015 1676 1091 οὖν,
1697 1024 1819 1092 ἔφη.

288 1116 420 1167 XIX.
492 1115 567 1166 Ec
594 1104 700 1165 οὖν
727 1108 861 1181 μετά
891 1105 1044 1165 τοῦτ’
1077 1115 1221 1164 εἴποι
1251 1108 1471 1176 ἐρωτῶν
1500 1102 1668 1176 ἡμᾶς·
1706 1109 1822 1168 πῶς

145 1187 254 1249 οὖν
273 1191 464 1264 ὀλίγον
481 1193 755 1262 πρότερον
775 1195 1009 1263 §agyam
1031 1185 1123 1259 ἀρ’
1146 1187 1247 1245 οὐκ
1267 1187 1453 1258 ὀρθῶς
1471 1187 1632 1260 ὑμῶν
1650 1187 1822 1259 κατή-

150 1294 354 1342 κουσα;
391 1276 612 1342 ἐδόξατέ
637 1298 731 1346 μοι
759 1274 934 1346 φάναι
962 1280 1059 1345 τῆς
1088 1271 1284 1345 ἀρετῆς
1300 1273 1467 1344 μόρια
1488 1270 1628 1327 εἶναι
1647 1270 1823 1336 οὕτως

145 1362 339 1428 ἔχοντα
369 1357 507 1430 πρὸς
534 1357 768 1429 ἄλληλα,
809 1355 881 1423 ὡς
911 1355 1015 1414 οὐκ
1045 1356 1184 1413 εἶναι
1201 1354 1261 1412 τὸ
1286 1357 1476 1425 ἕτερον
1496 1354 1684 1411 αὐτῶν
1702 1350 1823 1410 οἷον

146 1439 206 1496 τό
232 1442 446 1510 ἕτερον·
467 1440 662 1512 εἴποιμ’
683 1438 757 1496 ἀν
775 1446 946 1513 ἔγωγε
967 1439 1054 1498 ὅτι
1071 1439 1138 1496 τά
1159 1441 1262 1511 μὲν
1282 1438 1422 1496 ἄλλα
1442 1437 1630 1511 ὀρθῶς
1649 1437 1823 1511 ἤκου-

146 1540 275 1594 σας,
295 1522 380 1579 ὅτι
399 1525 566 1580 δὲκαὶ
584 1522 675 1595 ἐμὲ
690 1531 792 1580 οἴει
810 1532 982 1580 εἰπεῖν
1000 1530 1164 1579 τοῦτο
1179 1566 1194 1593 ,
1235 1523 1592 1594 παρήκουσας
1605 1543 1618 1555 ·
1651 1527 1823 1594 Πρω-

147 1605 385 1677 ταγόρας
411 1605 518 1676 γὰρ
540 1604 635 1663 ὅδε
661 1613 834 1663 ταῦτα
869 1605 1229 1677 ἀπεκρίνατο,
1264 1606 1370 1676 ἐγώ
1403 1605 1461 1662 δὲ
1488 1602 1736 1676 ἥρω’των.
1776 1609 1827 1661 εί
1847 1613 1940 1662 331

148 1683 256 1746 οὖν
274 1697 412 1745 εἴποι
431 1715 443 1725 ·
480 1687 666 1761 ἀληθῆ
684 1688 780 1746 ὅδε
798 1692 969 1762 λέγει,
1010 1683 1054 1745 ὦ
1082 1689 1454 1760 Πρωταγόρας
1493 1686 1564 1743 σύ
1585 1687 1693 1761 φῂς
1714 1685 1818 1744 οὐκ

150 1770 290 1827 εἶναι
317 1770 378 1828 τὸ
416 1772 606 1842 ἕτερον
633 1772 831 1843 μόριον
860 1768 980 1828 οἷον
1011 1771 1073 1827 τὸ
1106 1773 1295 1842 ἕτερον
1325 1777 1438 1827 τῶν
1466 1777 1562 1843 τῆς
1596 1767 1820 1842 ἀρετῆς;

149 1853 245 1919 σὸς
263 1847 336 1909 οὗ
341 1876 427 1919 τος
444 1852 474 1910 ὁ
496 1853 659 1925 λόγος
676 1858 814 1923 ἐστι’;
846 1861 900 1911 τί
915 1852 988 1911 ἀν
1003 1852 1154 1929 αὐτῷ
1172 1852 1527 1925 ἀποκρίναιο;
1565 1852 1818 1925 Ἀνάγκη,

145 1942 279 2009 ἔφη,
321 1931 364 1993 ὦ
384 1938 703 2007 Σώκρατες,
742 1937 1047 2009 ὁμολογεῖν.
1129 1941 1199 1993 Τί
1219 1930 1350 2008 οὖν,
1392 1930 1435 1992 ὦ
1452 1935 1818 2008 Πρωταγόρα,

146 2018 603 2091 ἀποκρινούμεθα
635 2018 814 2091 αὐτῷ,
850 2027 1022 2077 ταῦτα
1050 2018 1519 2092 ὁμολογήσαντες,
1559 2021 1657 2075 ἐὰν
1674 2018 1820 2091 ἡμᾶς

147 2105 494 2173 ἐπανέρηται·
552 2100 655 2158 οὐκ
686 2102 793 2173 ἄρα
834 2106 982 2161 ἐστὶν
1017 2101 1234 2176 ὁσιότης
1266 2100 1386 2159 οἷον
1426 2106 1640 2159 δίκαιον
1679 2100 1819 2158 εἶναι

147 2192 389 2255 πρᾶγμα,
414 2184 543 2242 οὐὸὲ
563 2186 885 2258 δικαιοσύνη
905 2183 1028 2242 οἷον
1047 2185 1207 2242 ὅσιον
1220 2229 1234 2255 ,
1255 2183 1377 2241 ἀλλ’
1401 2181 1520 2241 οἷον
1538 2183 1611 2256 μή
1633 2184 1817 2241 ὅσιον·

146 2266 179 2338 ἡ
202 2265 251 2323 δ’
276 2264 492 2337 ὁσιότης
511 2264 630 2323 οἷον
651 2268 724 2339 μὴ
746 2271 988 2338 δίκαιον,
1010 2266 1134 2326 ἀλλ’
1156 2267 1352 2324 ἄδικον
1372 2267 1497 2339 ἄρα,
1517 2267 1578 2323 τό
1601 2269 1660 2324 δὲ
1682 2266 1820 2324 ἀνό-

148 2365 301 2416 σιον;
338 2355 396 2403 τί
420 2347 567 2422 αὐτῷ
595 2347 1078 2421 ἀποκρινούμεθα;
1116 2348 1222 2420 ἐγώ
1243 2350 1345 2421 μὲν
1363 2348 1469 2420 γὰρ
1490 2347 1657 2417 αὐτὸς
1677 2347 1817 2420 ὑπέρ
1853 2364 1883 2406 Β

146 2452 210 2503 γε
247 2434 489 2502 ἐμαυτοῦ
525 2437 696 2502 φαίην
726 2426 798 2486 ἀν
829 2433 919 2487 καὶ
952 2431 1055 2503 τὴν
1087 2431 1447 2506 δικαιοσύνην
1485 2430 1644 2488 ὅσιον
1680 2431 1820 2488 εἶναι

145 2515 237 2570 καὶ
255 2511 356 2586 τήν
386 2510 640 2584 ὁσιότητα
667 2517 904 2569 δίκαιον·
947 2517 1037 2571 καὶ
1066 2512 1205 2584 ὑπὲρ
1236 2521 1341 2571 σοῦ
1361 2516 1451 2586 δέ,
1492 2523 1544 2571 εἰ
1566 2537 1631 2587 με
1662 2516 1817 2590 ἐῴης,

143 2596 315 2652 ταυτα
347 2593 419 2652 ἀν
450 2604 621 2651 ταῦτα
657 2594 1086 2670 ἀποκρινοίμην,
1125 2596 1209 2653 ὅτι
1239 2597 1359 2670 ἤτοι
1378 2596 1582 2653 ταύτόν
1602 2599 1714 2654 ἐστι
1734 2602 1818 2654 δι-

143 2679 364 2750 καιότης
383 2676 622 2749 ὁσιότητι
643 2675 679 2749 ἦ
699 2678 731 2734 ὅ
755 2701 805 2733 τι
834 2675 1189 2752 ὁμοιότατον,
1229 2682 1319 2737 καὶ
1338 2681 1570 2752 μάλιστα
1591 2680 1818 2737 πάντων

145 2761 181 2832 ἥ
210 2782 265 2816 τε
306 2761 629 2832 δικαιοσύνη
653 2757 775 2816 οἷον
803 2759 1021 2834 ὁσιότης
1050 2764 1140 2819 καὶ
1171 2761 1444 2835 ἡὸσιότης
1465 2759 1586 2819 οἷον
1606 2769 1820 2821 δικαιο-

144 2845 316 2967 σύνηι.)
345 2841 630 2967 ἀλλ’ῃιὲίρα,
670 2849 718 2900 εἰ
746 2846 1067 2912 διακωλύεις
1088 2845 1520 2917 ἀποκρίνεσθαι,
1566 2841 1603 2918 ή
1621 2849 1712 2903 καὶ
1733 2850 1820 2905 σοὶ

321 2935 436 2967 tuo
523 2956 533 2967 .
1513 2931 1562 2973 11
