2020 3094
259 153 329 206 94
434 208 438 209 ⁷
853 153 1335 203 ΠΛΑΤΩΝΟΣ
1907 165 1936 208 c,

264 281 347 344 ὦν
376 284 447 344 ὅὶν
476 287 740 344 κάλλιστά
772 310 852 352 τις
882 286 1015 344 αὐτὸ
1047 288 1248 359 μάθοι,
1286 285 1322 358 ἢ
1362 287 1556 358 ἄλλης;
1601 288 1812 359 Ταύτης
1840 290 1942 359 μὲν

264 365 398 440 οὖν,
438 373 570 442 ἔφη,
609 376 704 441 τῆς
746 368 940 439 αὐτῆς,
980 363 1024 424 ὦ
1063 370 1385 438 Σώκρατες,
1424 368 1453 424 ὁ
1495 371 1938 439 Διονυσόδωρος,

257 450 429 523 Ὑμεῖς
451 451 581 521 ἄρα,
602 446 675 521 ἦν
696 450 746 506 δ’
773 452 878 521 ἐγώ
894 495 906 518 ,
931 445 973 504 ὦ
995 451 1419 521 Διονυσόδωρε,
1450 458 1562 506 τῶν
1582 458 1690 506 νῦν
1709 450 1940 523 ἀνθρώ-

149 547 234 592 275
264 554 386 587 πων
415 532 663 588 κάλλιστ’
694 530 765 587 ἂν
788 536 1149 603 προτρέψαιτε
1182 538 1257 597 εἰς
1280 539 1618 602 φιλοσοφίαν
1639 535 1730 589 καὶ
1749 531 1941 604 ἀρετῆς

268 618 602 686 ἐπιμέλειαν;
641 616 892 686 Οἰόμεθά
913 637 975 685 γε
998 614 1095 686 δή,
1118 608 1162 670 ὦ
1180 616 1489 684 Σώκρατες.
1566 622 1689 670 Τῶν
1709 616 1809 687 μὲν
1827 625 1936 670 τοί-

265 720 373 753 νυν
393 697 578 754 ἄλλων
593 698 695 768 τὴν
712 701 966 762 ἐπίδειξιν
979 696 1127 768 ἡμῖν,
1148 703 1306 768 ἔφην,
1325 702 1575 760 εἰσαῦθις
1594 696 1941 761 ἀπόθεσθον,

268 787 432 835 τοῦτο
453 779 507 834 δ’
538 779 675 835 αὐτὸ
703 782 1114 844 ἐπιδείξασθον
1155 781 1374 835 τουτονὶ
1392 778 1491 834 τὸν
1510 787 1804 834 νεανίσκον
1823 787 1942 834 πεί-
2015 791 2020 838 ζ

267 879 463 932 σατον,
505 860 576 925 ὥς
605 861 705 932 χρὴ
737 869 1068 931 φιλοσοφεῖν
1088 863 1178 916 καὶ
1198 860 1393 931 άρετῆς
1413 864 1812 932 ἐπιμελεῖσθαι,
1851 863 1942 916 καὶ

265 952 589 1015 χαριεῖσθον
626 947 746 1014 ἐμοί
773 965 829 998 τε
853 946 943 999 καὶ
972 947 1212 999 τουτοισὶ
1247 949 1394 999 πᾶσι.
1436 946 1747 1014 συμβέβηκε
1768 944 1871 1014 γάρ
1892 967 1942 998 τι

267 1031 523 1081 τοιοῦτον
564 1032 642 1098 τῷ
678 1031 942 1098 μειρακίῳ
981 1027 1187 1081 τούτω·
1226 1026 1332 1096 ἐγω
1370 1047 1426 1080 τε
1465 1028 1555 1081 καὶ
1595 1030 1708 1081 οἵδε
1742 1026 1942 1089 πάντες

265 1108 614 1178 τυγχάνομεν
642 1109 1049 1191 ἐπιθυμοῦντες
1072 1130 1143 1172 ως
1173 1110 1453 1178 βέλτιστον
1472 1106 1646 1162 αὐτὸν
1664 1112 1938 1178 γενέσθαι.

267 1195 382 1246 ἔστι
411 1190 470 1246 δε
498 1211 661 1254 ουτος
680 1179 939 1260 Ἀξιόχου
958 1213 1059 1261 μεν
1089 1189 1211 1254 υιός
1230 1196 1329 1244 τοῦ
1345 1188 1692 1260 Ἀλκιβιάδου
1714 1197 1815 1245 τοῦ
1836 1210 1944 1244 πα-

201 1282 234 1322 Β
267 1279 456 1342 λαιοῦ,
499 1269 834 1337 αὐτανεψιὸς
856 1274 914 1327 δὲ
932 1280 1032 1327 τοῦ
1052 1279 1159 1327 νῦν
1180 1272 1339 1336 ὄντος
1355 1270 1727 1343 Ἀλκιβιάδου·
1767 1270 1942 1342 όνομα
2000 1339 2002 1341 ¹

269 1351 319 1409 δ’
364 1353 517 1428 αὐτῷ
557 1359 827 1418 Κλεινίας.
882 1358 994 1408 ἔστι
1041 1354 1099 1408 δὲ
1135 1356 1280 1417 νέος·
1336 1354 1670 1425 φοβούμεθα
1711 1352 1776 1424 δὴ
1820 1355 1943 1423 περὶ

271 1434 425 1509 αὐτῷ
437 1479 453 1506 ,
493 1432 614 1492 οἷον
634 1435 778 1501 εἰκὸς
798 1438 920 1503 περὶ
941 1438 1046 1509 νέῳ
1061 1477 1076 1504 ,
1117 1435 1191 1506 μή
1213 1458 1291 1499 τις
1310 1443 1434 1507 φθῇ
1456 1433 1598 1507 ἡμᾶς
1618 1434 1701 1491 ἐπ’
1739 1435 1874 1491 ἄλλο
1893 1458 1941 1490 τι
2006 1444 2020 1508 ἱς

268 1518 602 1589 ἐπιτήδευμα
621 1520 822 1586 τρέψας
839 1516 941 1588 τὴν
963 1517 1217 1572 διάνοιαν
1237 1519 1327 1572 καὶ
1349 1522 1662 1589 διαφθείρῃ.
1695 1516 1817 1588 σφω
1838 1511 1945 1572 οὖν
2016 1515 2020 1521 ’

266 1599 468 1672 ἥκετον
490 1605 567 1664 εἰς
587 1600 907 1656 κάλλιστον·
940 1597 1059 1655 ἀλλ’
1087 1604 1138 1655 εἰ
1153 1600 1227 1671 μή
1247 1623 1297 1654 τι
1319 1602 1566 1669 διαφέρει
1587 1597 1746 1671 ὑμῖν,
1778 1601 1944 1671 λάβε-

267 1704 368 1738 τον
383 1694 581 1753 πεῖραν
596 1689 698 1737 τοῦ
713 1687 1002 1752 μειρακίου
1017 1684 1108 1736 καὶ
1125 1684 1487 1752 διαλέχθητον
1503 1685 1754 1738 ἐναντίον
1769 1679 1943 1752 ἡμῶν.

270 1763 523 1827 εἰπόντος
553 1759 661 1818 οὖν
690 1766 825 1833 ἐμοῦ
853 1763 1052 1834 σχεδόν
1080 1786 1131 1818 τι
1162 1762 1301 1818 αὐτὰ
1331 1771 1501 1818 ταῦτα
1544 1762 1572 1818 ὁ
1603 1763 1945 1835 Εὐθύδημος
2002 1803 2008 1824 2

271 1844 383 1915 ἅμα
416 1843 686 1913 ἀνδρείως
712 1866 769 1899 τε
801 1849 891 1900 καὶ
921 1850 1271 1913 θαρραλέως,
1302 1843 1452 1900 Ἀλλ’
1485 1845 1649 1901 οὐδὲν
1678 1848 1942 1916 διαφέρει,
2000 1862 2002 1864 ’

206 1939 238 1981 c
273 1921 317 1982 ὦ
334 1927 659 1997 Σώκρατες,
690 1932 795 1997 ἔφη
811 1969 824 1995 ,
846 1925 945 1982 ἐὰν
966 1926 1142 1997 μόνον
1162 1928 1328 1997 ἐθέλῃ
1349 1925 1747 1994 ἀποκρίνεσθαι
1766 1925 1795 1981 ὁ
1815 1948 1946 1982 νεα-
2000 1938 2007 1943 “

269 2015 472 2074 νίσκος.
544 2006 705 2065 Ἀλλά
735 2009 838 2080 μὲν
858 2009 954 2079 δή,
986 2013 1127 2079 ἔφην
1147 2008 1277 2077 ἐγώ,
1310 2009 1473 2062 τοῦτό
1494 2029 1554 2077 γε
1574 2010 1663 2064 καὶ
1683 2015 1943 2064 εἴθισται·

268 2089 424 2162 θαμὰ
462 2091 569 2162 γὰρ
607 2089 756 2164 αὐτῷ
787 2094 903 2146 οἵδε
936 2090 1260 2159 προσιόντες
1291 2088 1464 2144 πολλα
1498 2092 1743 2158 ἐρωτῶσί
1759 2111 1817 2145 τε
1856 2091 1946 2144 καὶ

269 2175 642 2243 διαλέγονται,
683 2171 820 2228 ὥστε
840 2176 1088 2237 ἐπιεικῶς
1107 2181 1312 2241 θαρρεῖ
1327 2171 1386 2226 τὸ
1411 2171 1835 2240 ἀποκρίνασθαι.

407 2262 471 2313 V.
548 2255 627 2310 Τὰ
659 2254 725 2326 δὴ
757 2254 891 2326 μετὰ
925 2262 1128 2324 ταῦτα,
1169 2250 1213 2309 ὦ
1243 2260 1491 2325 Κρίτων,
1533 2261 1648 2319 πῶς
1676 2251 1748 2309 ἂν
1766 2259 1946 2318 καλῶς

267 2355 356 2393 σοι
393 2342 783 2408 διηγησαίμηνς
820 2334 889 2391 οὐ
919 2337 1026 2406 γὰρ
1059 2333 1294 2406 σμικρὸν
1330 2334 1390 2389 τὸ
1430 2341 1622 2405 ἔργον,
1666 2333 1946 2389 δύνασθαι

269 2416 571 2490 ἀναλαβεῖν
592 2419 862 2484 διεξιόντα
884 2423 1089 2489 σοφίαν
1108 2417 1392 2488 ἀμήχανον
1412 2416 1549 2487 ὅσην
1563 2439 1575 2450 ·
1597 2414 1727 2470 ὥστ’
1756 2420 1944 2486 ἔγωγε,
1992 2442 1998 2457 ·-

204 2517 241 2557 D
272 2501 529 2568 καθάπερ
572 2504 629 2555 oc
662 2507 907 2571 ποιηταί,
947 2505 1138 2571 δέομαι
1177 2498 1478 2570 ἀρχόμενος
1512 2504 1607 2569 τῆς
1632 2498 1946 2569 «διηγήσεως

267 2580 507 2646 Μούσας
535 2603 593 2637 τε
620 2584 710 2638 καὶ
729 2582 978 2654 Μνήμην
998 2586 1405 2638 ἐπικαλεῖσθαι·
1437 2580 1634 2651 ἤρξατο
1657 2577 1708 2635 δ’
1733 2574 1837 2635 οὖν
1855 2582 1947 2634 ε’ν-
2000 2619 2009 2628 ·

267 2667 436 2719 θένδε
464 2663 644 2719 ποθὲν
662 2661 692 2720 ὁ
710 2663 1077 2736 Εὐθύδημος,
1118 2663 1192 2729 ὥς
1211 2657 1439 2738 ἐγῷμαι·
1469 2656 1532 2717 Ὠ
1551 2667 1806 2732 Κλεινία,
1843 2661 1927 2718 πό·

268 2753 420 2815 τεροί
437 2751 542 2802 εἰσι
559 2753 673 2801 τῶν
691 2744 1017 2816 ἀνθρώπων
1045 2751 1100 2803 οἱ
1126 2747 1538 2818 μανθάνοντες,
1578 2748 1634 2800 οἷ
1652 2746 1816 2815 σοφοὶ
1833 2740 1870 2815 ἦ
1890 2749 1945 2800 οἱ

269 2826 529 2897 άμαθεῖς;
561 2829 653 2884 καὶ
682 2828 743 2884 τὸ
775 2829 1086 2900 μειράκιον,
1130 2828 1224 2884 ἅτε
1245 2828 1490 2898 μεγάλου
1511 2826 1669 2891 ὄντος
1689 2831 1787 2881 τοῦ
1807 2829 1939 2896 ἐρω-
2001 2846 2004 2898 j

2011 914 2020 1033 ..Δ-4.]
2013 881 2020 897 Α.
