1962 3112
160 243 194 286 B

224 98 328 150 304
838 98 1316 146 ΠΛΑΤΩΝΟΣ
1809 109 1893 154 106

225 232 290 289 τὰ
310 231 504 304 ἀρχαῖα
525 230 987 302 προσαπολλύωσι
1003 228 1139 299 πρὸς
1152 226 1232 294 οἶς
1250 229 1565 303 ἐκτήσαντο,
1589 230 1691 288 οὐκ
1705 238 1892 290 αἰτίων

226 316 406 372 ὄντων
418 321 528 370 τῶν
548 319 735 369 κακῶν
757 309 876 366 ἀλλ’
900 319 1029 376 ἴσως
1046 317 1358 366 συναιτίων.
1379 320 1554 368 καίτοι
1570 319 1739 384 ἔγωγε
1759 313 1896 371 ἀνό-

226 419 360 470 ητον
398 404 621 466 πρᾶγμα
658 397 749 450 καὶ
788 400 896 449 νῦν
934 391 1049 463 ὁρῶ
1077 393 1408 464 γιγνόμενον
1437 399 1527 450 καὶ
1556 395 1740 453 ἀκούω
1781 405 1895 454 τῶν

229 485 479 533 παλαιῶν
517 475 741 547 ἀνδρῶν
779 479 916 547 πέρι.
957 477 1294 545 αἰσθάνομαι
1323 476 1430 547 γάρ
1445 519 1459 546 ,
1498 476 1630 533 ὅταν
1666 478 1699 550 ἡ
1738 480 1894 546 πόλις

227 557 348 616 τινά
369 565 481 614 τῶν
499 564 798 613 πολιτικῶν
813 556 1035 626 ἀνδρῶν
1046 562 1468 628 μεταχειρίζηται
1488 556 1559 622 ὡς
1580 558 1893 633 ἀδικοῦντα,

230 639 696 711 ἀγανακτούντων
725 641 815 695 καὶ
845 639 1270 710 σχετλιαζόντων
1303 636 1375 703 ὡς
1412 639 1564 695 δεινὰ
1599 642 1895 714 πάσχουσι·

228 722 403 778 πολλὰ
435 724 522 778 καὶ
554 719 742 792 ἀγαθοὶ
758 720 873 791 ,τὴν
899 721 1058 776 πόλιν
1076 720 1433 791 πεποιηκότες
1453 720 1559 790 ἄρα
1579 721 1779 788 ἀδίκως
1797 721 1894 778 ὑπ’

230 802 398 875 αὐτῆς
430 802 795 875 ἀπόλλυνται,
826 802 898 867 ὡς
928 801 955 858 ὁ
988 804 1201 858 τούτων
1221 809 1406 871 λόγος·
1447 802 1506 858 τὸ
1530 803 1588 860 δὲ
1607 803 1739 860 ὅλον
1757 812 1897 871 ψεῦ-

171 894 202 936 C
231 886 324 951 δός
352 889 479 941 ἐστι.
519 885 822 955 προστάτης
853 883 960 954 γάρ
991 884 1201 949 πόλεως
1221 882 1340 939 οὐδ’
1363 880 1434 939 ἂν
1455 882 1529 949 εἷς
1551 885 1679 940 ποτὲ
1698 885 1898 952 ἀδίκως

168 1547 200 1586 D

233 966 491 1024 ἀπόλοιτο
512 963 612 1021 ὑπ’
635 965 803 1036 αὐτῆς
823 973 918 1036 τῆς
936 966 1145 1031 πόλεως
1165 960 1232 1036 ἧς
1250 979 1545 1035 προστατεῖ
1553 990 1561 998 ·
1585 969 1898 1043 κινδυνεύει

228 1048 336 1121 γάρ
360 1047 567 1104 ταύτὸν
596 1047 761 1118 εἶναι,
801 1045 921 1102 ὅσοι
941 1070 998 1102 τε
1018 1050 1285 1104 πολιτικοὶ
1305 1056 1740 1117 προσποιοῦνται
1760 1049 1898 1106 εἶναι

230 1133 320 1187 καὶ
356 1131 476 1186 ὅσοι
515 1135 785 1201 σοφισταί.
825 1132 915 1185 καὶ
950 1128 1058 1200 γάρ
1105 1134 1161 1184 οἱ
1199 1136 1480 1201 σοφισταί,
1526 1125 1695 1185 τάλλα
1735 1134 1898 1202 σοφοὶ

232 1212 413 1283 ὄντες,
449 1207 611 1266 τοῦτο
633 1210 843 1265 ἄτοπον
863 1210 1178 1280 ἐργάζονται
1197 1217 1446 1281 πρᾶγμα·
1468 1211 1774 1282 φάσκοντες
1792 1212 1896 1284 γάρ

232 1293 428 1365 ἀρετῆς
457 1293 778 1348 διδάσκαλοι
809 1291 948 1346 εἶναι
978 1293 1240 1357 πολλάκις
1266 1299 1634 1364 κατηγοροῦσι
1661 1300 1774 1349 τῶν
1793 1317 1898 1364 μα-

230 1381 422 1446 θητῶν
435 1418 449 1445 ,
474 1372 547 1439 ὥς
566 1371 820 1429 ἀδικοῦσι
839 1380 984 1443 σφοῖς
1014 1371 1216 1437 αύτούς
1230 1415 1245 1445 ,
1266 1374 1395 1438 τούς
1413 1396 1470 1429 τε
1500 1375 1739 1444 μισθούς
1759 1375 1893 1430 ἀπο-

233 1465 554 1529 στεροῦντες
576 1458 666 1512 καὶ
686 1457 859 1527 ἄλλην
877 1456 1038 1526 χάριν
1059 1453 1162 1510 οὐκ
1183 1454 1560 1526 ἀποδιδόντες,
1593 1450 1658 1511 εὖ
1679 1458 1895 1513 παθόν-

232 1561 318 1604 τες
347 1536 447 1593 ὑπ’
477 1535 687 1593 αὐτῶν·
726 1540 816 1593 καὶ
844 1536 1047 1592 τούτου
1075 1542 1178 1591 τοῦ
1205 1537 1377 1606 λόγου
1394 1542 1449 1593 τί
1463 1534 1533 1592 ἄν
1553 1535 1897 1609 ἀλογώτερον

235 1628 315 1691 εἴη
345 1626 597 1692 πρᾶγμα,
638 1618 976 1690 ἀνθρώπους
1004 1617 1254 1688 ἀγαθοὺς
1282 1621 1372 1675 καὶ
1400 1623 1645 1685 δικαίους
1671 1625 1897 1692 γενομέ-

233 1723 394 1772 νους,
435 1704 811 1769 ἐξαιρεθέντας
852 1701 952 1772 μὲν
999 1699 1218 1755 ἀδικίαν
1262 1698 1370 1756 ὑπὸ
1409 1709 1511 1756 τοῦ
1548 1702 1890 1773 διδασκάλου,

235 1782 463 1852 σχόντας
484 1785 542 1838 δὲ
563 1784 947 1853 δικαιοσύνην,
969 1781 1179 1838 ἀδικεῖν
1198 1783 1374 1855 τούτῳ
1392 1780 1423 1836 ὃ
1442 1781 1545 1837 οὐκ
1565 1788 1809 1853 ε”χουσιν;
1833 1807 1897 1839 ου

237 1866 392 1918 δοκεῖ
403 1881 491 1917 σοι
504 1869 668 1918 τοῦτο
689 1863 898 1919 ἄτοπον
919 1863 1073 1932 εἶναι,
1098 1858 1142 1918 ὦ
1160 1864 1360 1934 ἑταῖρε;
1392 1861 1464 1928 ὦς
1483 1861 1706 1934 ἀληθῶς
1725 1869 1894 1936 δημη-

234 1956 421 2016 γορεῖν
440 1966 505 2015 με
525 1943 861 2016 ἠνάγκασας,
885 1939 928 2000 ὦ
946 1950 1293 2015 Καλλίκλεις,
1316 1942 1418 1999 οὐκ
1439 1947 1650 2000 ἐθέλων
1669 1944 1890 2016 ἀποκρά

234 2035 445 2083 νεσθαι.

376 2114 578 2165 LXXV.
651 2114 822 2163 KAA.
879 2106 969 2164 Σὺ
990 2107 1045 2163 δ’
1065 2106 1168 2163 οὐκ
1189 2104 1260 2163 ἂν
1279 2107 1393 2175 οἷός
1410 2107 1458 2163 τ’
1486 2116 1596 2179 εἴης
1616 2110 1821 2178 λέγειν,
1854 2141 1894 2163 ε.

235 2190 308 2261 μή
326 2195 405 2254 τίς
426 2205 513 2244 σοι
532 2188 915 2258 ἀποκρίνοιτο;

379 2276 502 2325 Σῼ.
531 2269 723 2325 ’Ἑοικά
742 2292 802 2340 γε
819 2292 829 2301 ·
852 2277 959 2325 νῦν
977 2276 1119 2341 γοῦν
1136 2269 1374 2341 συχνοὺς
1390 2275 1549 2325 τείνω
1569 2277 1680 2324 τῶν
1698 2269 1896 2339 λόγων,

237 2352 423 2423 ἐπειδή
441 2374 533 2422 μοι
554 2350 656 2407 οὐκ
676 2355 881 2416 ἐθέλεις
900 2350 1314 2420 ἀποκρίνεσθαι.
1337 2349 1458 2406 ἀλλ’
1476 2393 1490 2421 ,
1514 2345 1557 2406 ὦ
1582 2350 1742 2420 ’γαθέ
1749 2391 1764 2420 ,
1787 2349 1900 2405 εἰπὲ

238 2433 375 2502 πρὸς
395 2439 583 2503 φιλίου
596 2477 610 2505 ,
633 2433 700 2489 οὐ
722 2437 877 2489 δοκεῖ
888 2450 974 2488 σοι
993 2432 1198 2503 ἄλογον
1219 2432 1357 2488 εἶναι
1374 2429 1596 2502 ἀγαθὸν
1614 2430 1899 2500 φάσκοντα

239 2517 595 2584 πεποιηκέναι
614 2515 735 2570 τινά
756 2517 1071 2585 μέμφεσθαι
1088 2515 1265 2588 τούτῳ
1280 2557 1295 2586 ,
1317 2514 1400 2569 ὅτι
1418 2511 1521 2582 ὑφ’
1547 2513 1747 2567 ἑαυτοῦ
1766 2509 1900 2582 ἀγα-

238 2592 344 2658 θὸς
362 2597 602 2664 γεγονώς
619 2617 675 2650 τε
696 2598 786 2650 καὶ
807 2592 886 2650 ὢν
905 2600 1087 2651 ἔπειτα
1107 2595 1347 2667 πονηρός
1366 2597 1539 2659 ἐστιν;

378 2679 546 2728 ΚΑΛ.
592 2674 810 2746 ’Ἐμοιγε
831 2680 992 2734 δοκεῖ.
