1962 3112
104 132 159 177 9¹1
646 122 814 172 ΠΡΩ.
830 124 930 171 ΤΑ
944 124 992 170 Γ
1000 123 1044 171 Ο
1056 125 1151 170 ΡΑ
1161 124 1222 170 Σ.
1677 119 1777 173 185

112 261 184 314 Οί
207 262 565 314 πελταστικοί.
603 258 696 312 καὶ
722 254 787 311 τὰ
818 252 961 312 ἄλλα
990 277 1052 326 γε
1079 255 1290 325 πάντα,
1331 259 1380 311 εἰ
1404 261 1568 311 τοῦτο
1591 260 1777 328 ζητεῖς,

108 344 233 411 ἔφη,
258 341 315 394 οἱ
326 339 687 410 ἐπιστήμονες
705 342 820 393 τῶν
842 336 918 408 μὴ
937 339 1313 408 ἐπισταμένων
1332 337 1786 407 θαρραλεώτεροί

109 425 231 489 είσι,
252 422 344 476 καὶ
363 418 520 475 αὐτοὶ
539 420 780 490 ἑαυτῶν,
802 417 1025 474 ἐπειδᾶν
1043 419 1333 490 μάθωσιν,
1358 413 1391 490 ἦ
1409 419 1541 489 πρὶν
1560 426 1781 490 μαθεῖν.
1813 422 1848 464 Β

98 499 236 572 Ἤδη
258 505 323 557 δέ
336 524 488 566 τινας
506 501 781 571 ἑώρακας,
812 504 982 571 ἔφην,
1005 500 1232 556 πάντων
1250 500 1468 555 τούτων
1485 498 1783 572 ἀνεπιστη-

108 604 280 654 μονας
298 581 478 652 ὄντας,
497 586 853 651 θαρροῦντας
865 580 923 636 δὲ
941 578 1079 653 πρὸς
1093 582 1293 636 ἕκαστα
1308 580 1523 637 τούτων
1534 580 1782 652 swnnae,

111 657 143 734 ἦ
166 661 215 718 δ’
241 662 329 733 ὅς,
360 664 451 718 καὶ
481 667 607 718 λίαν
623 683 686 732 γε
708 668 1081 732 θαρροῦντας.
1161 660 1391 718 Οὐκοῦν
1412 665 1469 718 οἱ
1481 665 1786 732 θαρραλέοι

113 737 270 798 οὗτοι
296 746 388 800 καὶ
418 744 670 811 ἀνδρεῖοί
691 749 855 807 εἰσιν;
892 741 1138 813 Αἰσχρὸν
1156 741 1309 814 μέντ’
1333 741 1431 814 siv,
1469 747 1603 815 ἔφη,
1645 740 1780 814 εἴηὴ

108 825 336 896 ἀνδρεία
351 847 362 858 ·
383 827 500 882 ἐπεὶ
518 819 681 881 οὗτοί
692 847 754 896 γε
772 824 1098 896 μαινόμενοί
1114 830 1264 883 εἰσιν.
1339 831 1470 890 Πῶς
1489 819 1594 880 οὖν
1608 867 1621 893 ,
1641 829 1784 895 ἔφην

109 907 234 976 ἐγώ,
257 910 429 977 λέγεις
454 905 582 972 τούς
601 906 917 978 ἀνδρείους;
958 903 1081 977 οὐχὶ
1100 906 1230 971 τούς
1246 909 1595 978 θαρραλέους
1617 904 1782 971 εἷναι;

108 990 217 1043 Καὶ
235 995 344 1044 νῦν
362 988 428 1060 γ’,
451 995 571 1060 ἔφη.
650 987 879 1046 Οὐκοῦν
895 981 1066 1058 οὗτοι,
1087 982 1123 1059 ἦ
1132 1010 1159 1042 ν
1178 985 1230 1043 δ’
1249 989 1374 1060 ἐγώ,
1398 993 1455 1045 oc
1470 987 1617 1044 οὕτω
1636 995 1783 1058 θαρ-
1815 996 1852 1039 G

111 1071 297 1137 ραλέοι
326 1069 484 1135 ὄντες
514 1069 619 1126 οὐκ
649 1067 896 1140 ἀνδρεῖοι
926 1068 1064 1126 ἀλλὰ
1103 1070 1431 1141 μαινόμενοι
1468 1075 1784 1140 φαίνονταις

109 1152 201 1206 καὶ
228 1154 343 1207 ἐκεῖ
366 1146 441 1207 αὖ
470 1156 527 1207 οἰ
553 1152 866 1222 σοφώτατοι
895 1144 1051 1207 οὗτοι
1080 1153 1171 1207 καὶ
1188 1151 1647 1222 θαρραλεώτατοί
1664 1155 1783 1219 εἰσι,

111 1233 561 1302 θαρραλεώτατοι
591 1236 651 1288 δὲ
679 1231 836 1297 ὄντες
862 1229 1268 1301 ἀνδρειότατοι;
1306 1234 1396 1289 καὶ
1423 1231 1562 1289 κατὰ
1584 1237 1786 1288 τοῦτον

110 1315 211 1370 τὸν
230 1313 400 1385 λόγον
419 1311 453 1385 ἡ
473 1320 643 1386 σοφία
661 1310 735 1370 ἄν
752 1313 981 1385 ἀνδρεία
1003 1322 1115 1386 εἴη;
1155 1313 1241 1370 Οὐ
1262 1321 1466 1384 καλῶς,
1489 1320 1594 1386 ἔφη
1609 1356 1623 1385 ,
1644 1335 1788 1385 μνη-

113 1396 392 1467 μονεύεις,
415 1390 459 1451 ω’
477 1396 801 1466 Σώκρατες,
831 1394 867 1451 ὁὶ
888 1396 1079 1466 ἔλεγόν
1099 1419 1156 1452 τε
1176 1398 1267 1453 καὶ
1286 1395 1665 1468 ἀπεκρινάμην
1682 1412 1787 1451 σοι.

112 1481 284 1548 ἔγωγε
305 1479 601 1548 ἐρωτηθεὶς
620 1475 730 1533 ὑπὸ
753 1484 876 1548 σοῦ,
902 1483 953 1534 εἰ
969 1481 1025 1533 οἱ
1042 1476 1286 1546 ἀνδρεῖοι
1304 1478 1610 1550 θαρραλέοι
1629 1481 1788 1546 εἰσίν,

113 1558 443 1632 ὡμολόγησα
458 1585 468 1595 ·
510 1566 559 1616 εἰ
578 1561 634 1616 δὲ
655 1563 746 1617 καὶ
765 1565 821 1616 οἰ
835 1567 1138 1632 θαρραλέοι
1157 1561 1401 1631 ἀνδρεῖοι
1414 1605 1427 1631 ,
1448 1560 1552 1617 οὐκ
1570 1560 1791 1633 ἠρωτή-

111 1649 227 1712 θην
242 1663 255 1676 ·
296 1647 347 1698 εἰ
361 1643 469 1713 γάρ
488 1665 554 1713 με
580 1643 704 1698 τότε
723 1641 892 1713 ἤρου,
933 1642 1090 1699 εἷπον
1108 1639 1179 1699 ἄν
1197 1643 1281 1700 ὅτι
1304 1642 1374 1700 οὐ
1394 1643 1619 1707 πάντες·
1654 1639 1789 1706 τούς

115 1723 174 1779 δὲ
195 1722 483 1793 ἀνδρείους
504 1721 577 1788 ῶς
596 1723 665 1779 οὐ
693 1727 996 1796 θαρραλέοι
1025 1729 1134 1781 εἰσί
1140 1767 1154 1794 ,
1192 1723 1252 1780 τὸ
1286 1722 1421 1796 έμὸν
1446 1722 1785 1796 ὁμολόγημα,
1817 1731 1853 1771 D

113 1802 365 1876 οὐδαμοῦ
403 1807 676 1871 ἐπέδειξας
725 1804 797 1871 ὡς
838 1805 942 1863 οὐκ
986 1805 1173 1876 ὀρθῶς
1211 1805 1554 1878 ὡμολόγησα,
1606 1810 1787 1861 ἔπειτα

109 1884 241 1951 τοὺς
258 1888 651 1958 ἐπισταμένους
667 1886 874 1953 αὐτοὺς
890 1890 1102 1944 ἑαυτῶν
1117 1890 1609 1959 θαρραλεωτέρους
1625 1887 1789 1952 ὄντας

112 1965 442 2039 ἀποφαίνεις
459 1968 641 2042 καὶμὴ
673 1972 1054 2042 ἐπισταμένων
1072 1968 1273 2039 ἄλλων,
1293 1972 1384 2026 καὶ
1406 1973 1466 2026 ἐν
1485 1970 1663 2042 τούτῳ
1684 1978 1789 2026 οἴει

111 2047 216 2119 τὴν
242 2046 506 2119 ἀνδρείαν
535 2054 627 2107 καὶ
654 2050 758 2124 τὴν
776 2058 981 2123 σοφίαν
999 2050 1206 2107 ταύτὸν
1227 2050 1367 2107 εἶναι
1382 2073 1392 2083 ·
1436 2052 1613 2125 τούτῳ
1635 2051 1693 2108 δὲ
1712 2055 1789 2123 τῷ

112 2129 300 2203 τρόπῳ
333 2130 535 2200 μετιῶν
571 2134 661 2188 καὶ
690 2131 793 2204 τὴν
824 2132 987 2203 ἰσχὺν
1018 2138 1263 2204 οἰηθείης
1292 2129 1364 2189 ἄν
1396 2132 1535 2189 εἶναι
1565 2137 1785 2203 σοφίαν.

114 2218 336 2280 πρῶτον
373 2212 476 2283 μὲν
510 2212 619 2283 γὰρ
656 2219 706 2269 εἰ
738 2214 885 2270 οὕτω
917 2214 1120 2284 μετιών
1151 2214 1298 2282 ἔροιό
1329 2237 1395 2285 με
1427 2219 1477 2270 εί
1504 2218 1560 2269 oc
1577 2214 1790 2284 ἰσχυροὶ

114 2297 348 2349 δυνατοί
358 2298 477 2363 είσι,
499 2301 671 2365 φαίην
690 2295 763 2350 ἅν
776 2317 788 2329 ·
811 2301 1011 2365 ἔπειτα,
1034 2300 1084 2351 εἰ
1099 2298 1156 2350 οἱ
1168 2295 1518 2366 ἐπιστάμενοι
1537 2298 1790 2350 παλαίειν
1822 2305 1855 2347 Ε

114 2374 492 2443 δυνατῶτεροί
506 2380 610 2431 είσι
627 2382 741 2431 τῶν
761 2375 833 2446 μὴ
856 2378 1232 2446 ἐπισταμένων
1254 2382 1504 2432 παλαίειν
1524 2377 1614 2432 καὶ
1635 2373 1790 2430 αὐτοι·

112 2454 264 2512 αὑτῶ
269 2480 316 2527 ν,
331 2456 552 2513 ἐπειδᾶν
570 2458 847 2528 μάθωσιν,
865 2454 901 2529 ἦ
921 2460 1051 2527 πρὶν
1069 2465 1288 2529 μαθεῖν,
1313 2463 1486 2529 φαίην
1501 2456 1597 2512 ἄν·
1619 2462 1790 2512 ταῦτα

114 2537 174 2594 δὲ
195 2541 334 2609 ἐμοῦ
352 2537 793 2610 ὁμολογήσαντος
812 2542 951 2610 ἐξείη
973 2538 1045 2595 ἄν
1063 2557 1167 2611 σοι,
1191 2541 1454 2614 χρωμένῳ
1474 2549 1586 2604 τοῖς
1605 2536 1790 2603 αὐτοῖς

112 2625 422 2690 τεκμηρίοις
441 2620 680 2690 τούτοις,
704 2624 885 2689 λέγειν
904 2618 975 2685 ὥς
994 2618 1131 2675 κατὰ
1150 2622 1254 2691 τὴν
1280 2619 1418 2692 ἐμὴν
1437 2619 1738 2691 ὁμολογίαν
1756 2617 1790 2689 ἡ

112 2705 282 2769 σοφία
301 2702 447 2756 ἐστὶν
461 2702 628 2771 ἰσχύς.
656 2699 763 2770 ἐγώ
780 2701 836 2757 δὲ
857 2698 1109 2771 οὐδαμοῦ
1122 2699 1239 2757 οὐδ’
1263 2703 1513 2758 ἐνταῦθα
1535 2699 1788 2772 ὁμολογῶ

112 2778 242 2845 τούς
271 2781 544 2847 δυνατοὺς
564 2783 823 2853 ἰσχυροὺς
846 2782 1010 2851 εἶναι,
1044 2781 1176 2848 τούς
1196 2786 1383 2853 μέντοι
1405 2780 1668 2853 ἰσχυροὺς
1688 2784 1789 2836 δυ-
