2020 3094
321 123 424 176 144
933 125 1046 173 HA
1058 126 1107 174 A
1124 119 1227 172 Tsz'
1238 126 1346 192 Νο
1358 128 1406 172 Σ
1935 134 1993 178 56

206 272 290 318 316
320 257 459 315 ἀλλὰ
480 256 571 314 διὰ
592 256 694 329 τὴν
713 257 995 330 βαρύτητα
1013 263 1110 327 τῆς
1129 263 1319 328 φωνῆς
1337 257 1543 329 βόμβος
1560 280 1642 323 τις
1659 260 1719 313 ἐν
1739 263 1819 331 τῷ
1837 259 1994 329 οἰκή-

324 363 451 412 ματι
469 339 796 411 γιγνόμενος
814 337 1005 410 ἀσαφῆ
1023 341 1193 395 ἐποίει
1211 340 1278 394 τὰ
1298 339 1584 411 λεγόμενα.

463 427 595 478 VIII.
668 422 778 475 Καὶ
795 418 948 492 ἡμεῖς
970 420 1073 491 μὲν
1091 420 1217 493 ἄρτι
1244 421 1722 492 εἰσεληλύθειμεν,
1760 421 1995 478 κατόπιν

323 503 381 559 δὲ
406 501 567 574 ἡμῶν
595 505 930 574 ἐπεισῆλθον
959 501 1302 575 Ἀλκιβιάδης
1324 525 1382 559 τε
1411 501 1439 558 ὁ
1469 503 1664 574 καλός,
1704 501 1777 569 ὡς
1795 501 1904 575 φῂς
1923 503 1996 559 σύ

321 587 413 641 καὶ
431 583 537 655 ἐγω
558 590 846 656 πείθομαι,
878 587 971 641 καὶ
988 591 1216 655 Κριτίας
1234 583 1263 641 ὁ
1282 592 1681 656 Καλλαίσχρου.
1719 584 1872 656 ἡμεῖς
1891 578 1996 640 οὖν

323 666 395 733 ὡς
424 668 784 739 εἰσήλθομεν,
822 672 901 723 ἔτι
930 666 1117 739 σμίκρ’
1142 667 1277 724 ἄττα
1305 673 1684 738 διατρίψαντες
1714 668 1806 723 καὶ
1824 674 1995 722 ταῦτα

257 767 290 807 Β
324 751 754 822 διαθεασάμενοι
778 757 1063 824 προσῇμεν
1079 749 1216 819 πρὸς
1230 751 1328 807 τὸν
1346 750 1754 822 Πρωταγόραν,
1775 752 1867 804 καὶ
1888 747 1995 820 ἐγώ

322 832 502 890 εἷπον·
531 827 598 889 Ὦ
627 834 1000 905 Πρωταγόρα,
1041 833 1179 903 πρὸς
1209 837 1273 888 σέ
1292 854 1376 888 τοι
1403 832 1655 904 ἤλθομεν
1682 832 1789 903 ἐγώ
1819 853 1878 886 τε
1905 832 1998 887 καὶ

311 914 672 987 Ἱπποκρατης
709 909 887 981 οὗτος.
976 917 1255 987 Πότερον,
1300 921 1405 987 ἔφη
1421 957 1434 984 ,
1476 915 1630 989 μόνῳ
1667 915 1997 986 βουλόμενοι

323 1003 682 1070 διαλεχθῆναι
699 995 735 1069 ἢ
754 1001 846 1055 καὶ
863 997 997 1070 μετὰ
1014 1007 1125 1055 τῶν
1147 997 1360 1065 &mmm
1390 995 1550 1068 Ἡμῖν
1567 999 1685 1068 μέν,
1704 991 1776 1067 ἦν
1795 994 1847 1051 δ’
1870 996 1995 1066 ἐγώ,

322 1080 492 1138 οὐδὲν
511 1083 783 1152 διαφέρει·
824 1081 1066 1147 ἀκούσας
1096 1085 1182 1150 δέ,
1224 1074 1295 1137 οὗ
1324 1082 1487 1136 ἕνεκα
1515 1079 1791 1150 ἤλθομεν,
1831 1076 1997 1142 αὐτὸς

323 1166 532 1231 σκέψαι.
615 1169 685 1220 Τί
698 1158 804 1219 οὖν
822 1165 890 1235 δή
921 1169 1093 1236 ἐστιν,
1137 1169 1270 1235 ἔφη,
1310 1157 1381 1219 οὗ
1407 1164 1569 1219 ἕνεκα
1595 1161 1780 1233 ἥκετε;
1813 1159 1998 1217 Ἱππο-

321 1248 526 1318 κράτης
555 1245 651 1303 ὅδε
671 1248 782 1303 ἐστὶ
799 1245 900 1318 μὲν
918 1254 1032 1303 τῶν
1051 1250 1354 1319 ἐπιχωρίων
1368 1290 1382 1317 ,
1418 1244 1838 1315 Ἀπολλοδώρου
1857 1242 1995 1314 υἱός,

325 1334 500 1395 οἰκίας
530 1328 771 1400 μεγάλης
798 1350 858 1384 τε
886 1332 976 1384 καὶ
1006 1328 1362 1401 εὐδαίμονος,
1411 1326 1577 1394 αὐτὸς
1608 1327 1667 1384 δὲ
1695 1327 1796 1399 τὴν
1825 1326 2020 1399 φύσινρ

264 1428 296 1469 G
327 1416 482 1468 δοκεῖ
505 1413 795 1483 ἐνάμιλλος
825 1409 963 1466 εἶναι
993 1423 1105 1477 τοῖς
1130 1410 1457 1484 ἡλικιώταις.
1491 1413 1786 1481 ἐπιθυμεῖν
1818 1413 1881 1465 δέ
1906 1403 2020 1480 μοιὲ

325 1500 480 1551 δοκεῖ
493 1495 779 1566 ἐλλόγιμος
796 1498 1059 1565 γενέσθαι
1087 1497 1148 1550 ἐν
1175 1502 1244 1567 τῇ
1271 1494 1454 1564 πόλει,
1493 1499 1656 1548 τοῦτο
1678 1492 1737 1548 δὲ
1756 1497 1930 1548 οἴεταί
1946 1472 2020 1547 οἱὲ

323 1578 560 1649 μάλιστα
580 1580 870 1648 γενέσθαι,
912 1583 963 1634 εἰ
990 1579 1075 1634 σοὶ
1106 1580 1427 1647 συγγένοιτο
1443 1598 1454 1609 ·
1497 1574 1653 1631 ταῦτ’
1677 1569 1782 1631 οὖν
1799 1573 1904 1646 ἤδη
1927 1573 1994 1630 σύ

1049 1659 1062 1679 ’
1118 1667 1140 1677 συ
1196 1671 1202 1675 ι
1257 1661 1269 1677 Ι

323 1743 461 1813 πρὸς
506 1743 739 1813 μόνους,
775 1739 811 1812 ἦ
831 1743 946 1814 μετ’
982 1743 1181 1799 ἄλλων.
1250 1741 1491 1813 Ὀρθῶς,
1528 1745 1662 1812 ἔφη,
1702 1748 1994 1810 προμηθεῖ,

325 1819 368 1880 ὦ
388 1824 707 1895 Σώκρατες,
744 1823 884 1896 ὑπὲρ
915 1829 1066 1896 ἐμοῦ.
1106 1829 1266 1892 ξένον
1295 1823 1401 1895 γὰρ
1433 1823 1611 1892 ἄνδρα
1637 1824 1728 1878 καὶ
1748 1822 1903 1878 ἰόντα
1923 1826 1973 1878 εἰ
2000 1817 2001 1820 ¹

322 1907 508 1972 πόλεις
535 1907 801 1977 μεγάλας,
840 1909 931 1963 καὶ
961 1910 1022 1963 ἐν
1049 1907 1270 1973 ταύταις
1289 1913 1557 1963 πείθοντα
1576 1912 1687 1962 τῶν
1704 1908 1848 1962 νέων
1867 1903 1967 1960 τού

322 1994 637 2060 βελτίστους
673 1987 1069 2055 ἀπολείποντας
1097 1988 1194 2055 τὰς
1224 1996 1337 2045 τῶν
1356 1987 1540 2045 ἄλλων
1558 1993 1884 2059 συνουσίας,
1906 1987 1994 2043 καῖ

323 2075 543 2127 οἰκείων
582 2073 673 2126 καὶ
709 2067 975 2141 ὀθνείων,
1014 2074 1104 2126 καὶ
1141 2075 1530 2145 πρεσβυτέρων
1562 2075 1655 2128 καὶ
1693 2064 2020 2142 νεωτέρων-ἱ,

323 2154 502 2227 ἑαυτῷ
526 2165 774 2210 συνεῖναι
813 2152 885 2219 ὡς
924 2159 1171 2225 βελτίους
1209 2157 1502 2226 ἐσομένους
1539 2154 1626 2209 δια
1661 2150 1765 2223 τὴν
1798 2153 1956 2208 ἑαυτο
1988 2220 1991 2223 A

258 2226 292 2267 D
327 2242 661 2306 συνουσίαν,
690 2237 789 2308 χρὴ
819 2235 1178 2309 εὐλαβεῖσθαι
1212 2234 1312 2292 τὸν
1347 2243 1520 2291 ταῦτα
1557 2235 1890 2306 πράττοντα·
1928 2230 2009 2293 οὐῑ

323 2316 431 2389 γὰρ
471 2320 689 2389 σμικροὶ
722 2322 847 2392 περὶ
884 2319 1024 2376 αὐτὰ
1061 2320 1273 2391 φθόνοι
1307 2340 1366 2374 τε
1399 2324 1683 2390 γίγνονται
1717 2319 1807 2373 καὶ
1835 2316 1991 2379 ἄλλαΑ

325 2404 644 2471 δυσμένειαί
668 2423 727 2456 τε
755 2403 846 2458 καὶ
873 2405 1174 2475 ἐπιβουλαί.
1210 2401 1316 2472 ἐγώ
1348 2403 1407 2458 δὲ
1439 2400 1543 2472 τὴν
1564 2396 1891 2470 σοφιστικὴν
1908 2402 1970 2454 τέ
1996 2401 2006 2416 ⁴

321 2505 460 2554 χνην
480 2487 618 2555 φημὶ
640 2485 741 2556 μὲν
765 2485 904 2541 εἶναι
924 2486 1189 2557 παλαιάν,
1227 2482 1356 2549 τούς
1385 2483 1443 2539 δὲ
1462 2484 1969 2554 μεταχειριζομένου

323 2563 498 2636 αὐτὴν
526 2573 638 2622 τῶν
668 2574 920 2623 παλαιῶν
950 2567 1201 2638 ἀνδρῶν,
1240 2566 1627 2638 φοβουμένους
1661 2563 1722 2619 τὸ
1765 2565 1988 2635 ἐπαχθὲ’

320 2646 515 2719 αὐτῆς,
557 2649 845 2721 πρόσχημα
880 2658 1161 2706 ποιεῖσθαι
1189 2652 1279 2706 καὶ
1314 2648 1827 2718 προκαλύπτεσθαι,
1865 2645 1986 2724 τοὺΔ

318 2730 419 2801 μὲν
438 2736 676 2803 ποίησιν,
701 2729 1070 2804 οἶονὍμηρόν
1089 2755 1147 2788 τε
1166 2734 1257 2788 καὶ
1271 2729 1527 2787 Ἡσίοδον
1547 2731 1638 2785 καὶ
1655 2733 1937 2802 Σιμωνίδη

317 2810 448 2878 τοὺς
471 2813 528 2869 δὲ
553 2807 627 2868 αὖ
645 2815 862 2879 τελετάς
881 2837 938 2870 τε
957 2817 1049 2872 καὶ
1066 2818 1415 2890 χρησμῳδίας
1430 2856 1444 2884 ,
1489 2811 1620 2878 τούς
1638 2810 1784 2884 άμφί
1797 2834 1854 2870 τε
1870 2810 1983 2883 Ὀρ·“
