2020 3094
224 168 292 219 66
848 163 1320 212 ΠΛΑΤΩΝΟΣ

226 303 368 371 λέγει
390 299 510 364 ὅδε;
549 297 668 354 Οὐκ
693 302 881 368 ἔγωγε,
899 300 1023 367 ἔφη,
1046 292 1184 350 ἄλλα
1204 294 1276 366 μὴ
1297 306 1476 351 ποιεῖν
1496 300 1571 360 είς
1587 317 1654 350 τα
1675 294 1896 351 παιδικὰ

228 384 364 453 μηδὲ
384 381 743 452 συγγράφειν.
816 377 934 447 Οὐχ
953 375 1205 447 ὑγιαίνει,
1229 380 1333 447 ἔφη
1353 374 1382 431 ὁ
1403 377 1739 447 Κτήσιππος,
1761 376 1898 432 ἀλλὰ

227 470 386 535 ληρεῖ
397 485 455 518 τε
475 464 565 517 καὶ
584 465 847 532 μαίνεται.

368 550 427 599 Π.
496 544 605 598 Καὶ
625 539 731 612 ἐγω
753 535 986 596 alnov&
1007 537 1361 607 Ἱππόθαλες,
1400 536 1470 594 οὔ
1487 561 1537 593 τι
1555 545 1667 594 τῶν
1685 543 1899 610 μέτρων

159 639 191 679 Β
228 626 419 696 δέομαι
451 620 689 679 ἀκοῦσαι
718 622 847 678 οὐδὲ
876 623 1037 693 μέλος
1066 629 1122 678 εἴ
1141 643 1192 676 τι
1220 625 1517 691 πεποίηκας
1547 626 1622 685 εἰς
1649 619 1749 678 τὸν
1770 643 1902 677 νεα-
2004 679 2012 693 Ἰ

226 710 448 775 νίσκον,
486 703 624 760 ἄλλα
656 710 751 775 τῆς
782 707 1050 772 διανοίας,
1087 705 1180 757 ἵνα
1209 704 1338 757 εἰδῶ
1358 706 1479 757 τίνα
1507 702 1716 771 τρόπον
1734 723 1902 772 προς-
2005 698 2020 958 ἶ

2006 258 2020 398 νβ’-Χ

230 790 386 858 φέρει
404 784 542 856 πρὸς
560 783 626 841 τά
650 784 890 841 παιδικά.
948 782 1075 839 Ὅδε
1096 782 1278 854 δήπου
1298 799 1413 853 σοι,
1435 787 1539 854 ἔφη
1553 826 1568 854 ,
1590 786 1720 855 ἐρεῖ·
1743 782 1901 856 ἄκρι-

227 876 340 942 βως
377 890 483 939 γαρ
521 871 798 924 ἐπίσταται
826 868 916 922 καὶ
935 867 1232 937 μέμνηται,
1271 873 1449 936 εἴπερ,
1492 863 1565 930 ὥς
1593 868 1762 937 λέγει,
1799 863 1897 921 ὑπ’

229 954 366 1023 ἐμοῦ
401 948 485 1006 ἀεὶ
517 948 743 1006 ἀκούων
773 949 1216 1053 διατεθρύληται.
1284 945 1374 1018 Νὴ
1406 944 1535 1011 τοὺς
1560 948 1756 1014 θεούς,
1796 952 1899 1021 ἔφη

228 1030 256 1087 ὁ
277 1030 615 1103 Κτήσιππος,
637 1031 787 1087 πάνυ
808 1052 884 1101 γε.
906 1032 998 1086 καὶ
1015 1031 1123 1101 γάρ
1144 1032 1256 1085 ἐστι
1275 1031 1679 1100 καταγέλαστα,
1702 1051 1744 1084 ω
1767 1029 1894 1085 Σώ-

226 1133 437 1184 κρατες.
458 1110 519 1168 τὸ
540 1133 650 1182 γαρ
672 1110 908 1184 ἐραστὴν
928 1111 1062 1167 ὄντα
1082 1113 1171 1168 καὶ
1191 1112 1564 1182 διαφερόντως
1582 1134 1695 1167 των
1716 1111 1895 1168 άλλωυ
2014 1125 2020 1148 “

226 1194 325 1251 τὸν
354 1199 496 1250 νοῦν
525 1196 863 1265 προσέχοντα
894 1200 969 1269 τῷ
1001 1197 1152 1249 παιδὶ
1181 1198 1325 1250 ἴδιον
1345 1193 1448 1263 μὲν
1465 1195 1636 1264 μηδὲν
1654 1197 1794 1263 ἔχειν
1813 1199 1902 1249 λέ·-

173 1299 204 1340 0
228 1297 375 1347 γειν,
397 1273 427 1331 ὃ
448 1273 568 1346 οὐχὶ
586 1272 695 1331 κᾶν
714 1287 838 1340 παῖς
858 1282 1028 1346 εἴποι,
1051 1283 1165 1339 πῶς
1186 1273 1305 1344 οὐχὶ
1321 1279 1751 1345 καταγέλαστον;
1790 1272 1824 1330 ἃ
1846 1274 1902 1331 δὲ

228 1356 263 1428 ἡ
303 1358 460 1422 πόλις
496 1356 597 1429 ὅλη
646 1357 767 1431 ᾄδει
806 1359 928 1428 περὶ
963 1357 1364 1428 Δημοκράτους
1399 1358 1490 1412 καὶ
1526 1356 1767 1421 Λύσιδος
1802 1361 1900 1412 τοῦ

230 1438 461 1495 πάππου
498 1446 602 1495 τοῦ
647 1438 841 1505 παιδὸς
879 1441 971 1495 καὶ
1015 1439 1241 1494 πάντων
1275 1441 1398 1509 πέρι
1442 1445 1553 1493 τῶν
1589 1436 1894 1508 προγόνων,
2012 1374 2020 1547 1

234 1522 511 1587 πλούτους
530 1544 586 1577 τε
606 1523 695 1577 καὶ
714 1525 1081 1592 ἱπποτροφίας
1099 1523 1190 1576 καὶ
1207 1525 1363 1584 νίκας
1376 1526 1571 1574 Πυθοῖ
1585 1520 1676 1574 καὶ
1698 1517 1907 1590 Ἰσθμοῖ

232 1604 324 1659 καὶ
351 1603 540 1677 Νεμέᾳ
567 1608 891 1673 τεθρίπποις
921 1624 979 1658 τε
1007 1603 1097 1657 καὶ
1125 1604 1340 1673 κέλησι,
1378 1609 1548 1656 ταῦτα
1568 1613 1714 1657 ποιεῖ
1739 1622 1794 1656 τε
1816 1601 1904 1656 καὶ

232 1687 403 1756 λέγει,
441 1683 579 1754 πρὸς
600 1689 657 1740 δὲ
677 1685 893 1750 τούτοις
910 1689 989 1739 ἔτι
1015 1683 1231 1740 τούτων
1249 1683 1638 1755 κρονικώτερα.
1675 1681 1775 1738 τὸν
1793 1680 1901 1753 γὰρ

230 1773 334 1821 τοῦ
358 1766 698 1837 Ἡρακλέους
729 1764 987 1836 ξενισμὸν
1016 1766 1210 1836 πρώην
1235 1763 1369 1837 ἡμῖν
1405 1767 1465 1821 ἐν
1501 1765 1766 1837 ποιήματί
1794 1787 1902 1820 τινι

234 1849 401 1920 διῄει,
435 1847 505 1913 ὠς
538 1849 626 1905 διὰ
654 1849 757 1920 τὴν
775 1846 1218 1917 τοῦἹῚρακλέους
1236 1849 1554 1918 ξυγγένειαν
1577 1846 1605 1902 ὁ
1628 1847 1904 1918 πρόγονος

169 1950 202 1988 D
235 1928 422 1986 αὐτῶν
440 1928 762 1996 ὑποδέξαιτο
794 1928 895 1985 τὸν
918 1928 1211 2030 Ἡρακλέα,
1242 1929 1485 1999 γεγονώς
1504 1927 1669 1994 αὐτὸς
1688 1931 1747 1984 ἐκ
1767 1929 1905 1993 Διός

234 2034 292 2068 τε
328 2014 420 2068 καὶ
458 2017 553 2083 τῆς
596 2017 698 2067 τοῦ
735 2012 937 2116 Δήμου
974 2010 1274 2082 άρχηγέτου
1319 2010 1623 2081 θυγατρός,
1673 2009 1812 2081 ἅπερ
1851 2012 1910 2064 αἱ

237 2105 424 2165 γραῖαι
454 2092 681 2166 άδουσι,
720 2095 811 2149 καὶ
840 2092 978 2148 άλλα
1006 2091 1180 2148 πολλα
1220 2113 1472 2160 τοιαυτα,
1514 2113 1556 2146 ω
1586 2090 1904 2158 Σώκρατες·

236 2175 392 2235 ταῦτ’
434 2178 580 2234 ἐστὶν
618 2201 652 2232 α
690 2170 851 2243 οὗτος
888 2181 1066 2249 λέγων
1100 2198 1158 2232 τε
1186 2178 1277 2232 καὶ
1307 2175 1461 2231 άδων
1489 2174 1782 2245 ἀναγκάζει
1815 2175 1906 2229 και

237 2262 378 2335 ἡμᾶς
397 2259 722 2330 ἀκροᾶσθαι.
762 2261 851 2316 καὶ
882 2258 989 2330 ἐγώ
1020 2257 1264 2323 ἀκούσας
1285 2257 1443 2314 εἷπον
1460 2261 1521 2312 Ω
1542 2258 1906 2326 καταγέλαστε

229 2343 580 2413 Ιππόθαλες,
620 2343 749 2414 πρὶν
770 2343 1115 2413 νενικηκέναι
1135 2351 1304 2405 ποιεῖς
1321 2362 1378 2394 τε
1398 2340 1488 2394 καὶ
1507 2336 1655 2412 αδεις
1675 2341 1748 2401 εἰς
1767 2352 1903 2391 σαυ-

235 2423 336 2481 τὸν
354 2427 653 2495 ἐγκώμιονς
688 2422 830 2479 Ἀλλ’
864 2422 968 2479 οὐκ
990 2429 1065 2489 εἰς
1084 2421 1340 2494 ἐμαυτόν,
1360 2425 1492 2491 ἔφη,
1532 2422 1573 2473 ὠ
1594 2416 1904 2487 Σώκρατες,

236 2505 364 2564 οὔτε
384 2527 521 2561 ποιω
543 2505 672 2560 ούτε
693 2505 823 2578 ᾄδω.
899 2504 1018 2561 Οὐκ
1041 2513 1144 2560 οἱέι
1162 2526 1252 2575 γε,
1272 2496 1343 2573 ἦν
1364 2499 1415 2557 δ’
1437 2500 1560 2570 ἐγώ.
1616 2497 1691 2553 Τό
1714 2499 1772 2554 δε
1792 2506 1906 2564 πῶς

170 2600 206 2639 Ε
236 2591 368 2659 ἔχεις
409 2591 529 2658 ἔφη.
601 2585 838 2642 Πάντων
857 2587 1107 2659 μάλιστα,
1131 2584 1313 2654 εἶπον,
1337 2587 1410 2648 εἰς
1430 2583 1489 2638 σε
1507 2585 1783 2637 τείνουσιν
1802 2572 1907 2634 αὗ-

237 2691 323 2724 ται
354 2671 414 2724 αἱ
439 2667 589 2743 ςόδαί.
626 2669 725 2724 έαν
754 2691 855 2739 μεν
882 2667 987 2739 γὰρ
1011 2670 1135 2739 ἕλῃς
1162 2689 1229 2722 τα
1253 2665 1478 2721 παιδικὰ
1506 2670 1731 2718 τοιαῦτα
1752 2662 1903 2731 όντα,
2015 2610 2020 2796 1

237 2750 440 2822 κόσμος
471 2769 558 2805 σοι
589 2755 737 2806 ἔσται
768 2749 832 2804 τὰ
863 2752 1127 2819 λεχθέντα
1155 2750 1246 2804 καὶ
1275 2746 1519 2820 ᾀσθέντα
1547 2746 1636 2799 καὶ
1677 2750 1753 2815 τῷ
1788 2741 1907 2799 ὄντι

235 2832 481 2903 έγκιόμια
504 2830 686 2902 ὥσπερ
707 2830 1046 2902 νενικηκότι,
1082 2829 1166 2885 ὅτι
1193 2828 1461 2884 τοιούτων
1491 2830 1762 2882 παιδικῶν
1782 2828 1906 2880 ἔτυ-
2006 2861 2020 3094 1
