1962 3112
55 150 83 204 1
701 145 1072 199 ΓΟΡῙἾΑΣ.
1607 141 1735 196 -205

54 277 326 355 δέονταιῆ
343 282 576 355 βραχέος
593 279 772 353 πάνυ,
812 277 935 337 οἷον
961 278 1299 354 ἀριθμητικὴ
1329 285 1421 338 καὶ
1451 277 1732 350 λογιστική

53 367 144 423 καὶ
162 362 499 438 γεωμετρικὴ
538 365 629 420 καὶ
667 362 990 435 πεττευτική
1018 384 1081 434 γε
1109 364 1203 421 καὶ
1232 362 1398 421 ἄλλαι
1425 362 1627 420 πολλαὶ
1645 363 1735 417 τέ-

53 471 203 520 χναι,
245 442 329 504 ωἰι
357 453 499 506 ἔνιαι
529 445 732 518 σχεδόν
758 468 810 501 τι
840 453 995 512 ἴσους
1023 445 1156 513 τούς
1179 447 1384 519 λόγους
1411 451 1599 518 ἔχουσι
1615 455 1734 511 ταῖς

51 532 344 600 πράξεσιν,
383 535 445 588 αἱ
470 532 529 588 δὲ
560 531 758 586 πολλαὶ
778 535 1003 595 πλείους
1020 531 1111 586 καὶ
1140 529 1202 586 τὸ
1232 528 1497 602 παράπαν
1525 525 1730 598 πάσαὴ

51 619 245 683 πρᾶξις
264 616 354 670 καὶ
371 614 431 670 τὸ
453 619 625 682 κῦρος
644 609 838 678 αὐταῖς
855 611 946 667 διὰ
965 612 1149 683 λόγων
1168 615 1295 669 ἐστι’.
1329 619 1443 669 τῶν
1460 610 1729 668 τοιούτων
1764 617 1795 659 E

53 697 176 753 τινά
194 718 289 769 μοι
309 701 487 762 δοκεῖς
507 698 689 766 λέγειν
708 694 810 768 τὴν
828 695 1144 768 ῥητορικήν.

192 786 348 837 ΓΟΡ.
381 778 589 851 Ἀληθῆ
608 781 794 849 λέγεις.

189 867 314 920 ΣΩ.
343 860 481 919 Ἀλλ’
504 860 661 918 οὔτοι
678 861 894 917 τούτων
913 881 976 930 γε
996 857 1263 931 οὐδεμίαν
1283 859 1437 932 οἶμαί
1451 876 1511 917 σε
1525 861 1730 933 βοῦλε-

51 956 189 1004 σθαι
210 946 515 1019 ῥητορικὴν
534 951 751 1014 καλεῖν,
791 942 893 1015 οὐχ
912 941 998 999 ὄτι
1026 949 1101 1017 τῷ
1134 944 1335 1015 ῥήματι
1365 942 1543 1010 οὕτως
1562 942 1726 1015 εἶπες,

49 1029 135 1087 ὅτι
155 1027 187 1101 ἡ
211 1028 301 1085 διὰ
320 1029 492 1099 λόγου
511 1026 571 1083 τὸ
594 1034 766 1097 κῦρος
784 1031 986 1098 ἔχουσα
1005 1029 1270 1099 ῥητορική
1299 1029 1438 1098 ἐστι,
1467 1028 1559 1083 καὶ
1581 1025 1726 1083 ὑπο-

49 1113 212 1186 λάβοι
232 1111 306 1168 ἄν
330 1134 425 1182 τις,
448 1116 500 1167 εἰ
513 1110 771 1182 βούλοιτο
793 1114 1175 1180 δυσχεραίνειν
1192 1113 1255 1167 ἐν
1277 1122 1391 1176 τοῖς
1411 1109 1612 1182 λόγοις,
1625 1111 1727 1182 τὴν

51 1192 423 1267 ἀριθμητικὴν
442 1192 550 1264 ἄρα
568 1193 896 1266 ῥητορικήν,
919 1186 964 1248 ὦ
983 1199 1219 1264 Γοργία,
1252 1197 1453 1266 λέγεις;
1483 1192 1597 1252 ἀλλ’
1621 1191 1725 1250 οὐκ

49 1278 207 1351 οἶμαί
217 1294 278 1334 σε
297 1276 425 1334 οὔτε
438 1276 538 1349 τὴν
553 1275 925 1348 άριθμητικήν
940 1273 1067 1332 οὔτε
1085 1275 1186 1348 τὴν
1204 1283 1543 1349 γεωμετρίαν
1560 1280 1726 1351 ῥητο-

50 1359 215 1434 ρικὴν
239 1363 433 1431 λέγειν.

191 1450 344 1501 ΓΟΡ.
387 1442 597 1514 Ὀρθῶς
630 1444 736 1514 γὰρ
775 1451 893 1515 οἴει,
933 1437 978 1499 ὦ
1007 1442 1330 1515 Σώκρατες,
1369 1443 1462 1500 καὶ
1501 1447 1724 1508 δικαίως
1756 1445 1830 1494 451

50 1525 471 1600 ὑπολαμβάνεις.

189 1615 276 1666 VI.
350 1613 475 1665 ΣΩ.
516 1607 631 1664 Ἴθι
650 1615 758 1663 νῦν
776 1610 868 1665 καὶ
887 1608 958 1665 σὺ
984 1608 1084 1680 τὴν
1103 1607 1400 1679 ἀπόκρισιν
1419 1606 1490 1681 ἣν
1510 1605 1725 1679 ἠρόμην

50 1694 404 1761 διαπέρανον.
442 1693 558 1747 ἐπεὶ
576 1689 682 1761 γὰρ
699 1688 729 1762 ἡ
747 1691 1005 1763 ῥητορική
1029 1691 1289 1763 τυγχάνει
1307 1691 1410 1763 μὲν
1430 1683 1573 1746 οὖσα
1593 1688 1726 1745 τού-

53 1796 162 1831 των
180 1797 259 1840 τις
277 1779 388 1830 τῶν
406 1781 614 1844 τεχνῶν
631 1780 745 1830 τῶν
766 1773 827 1830 τὸ
849 1772 993 1831 πολὺ
1011 1774 1158 1849 λόγῳ
1178 1779 1498 1846 χρωμένων,
1519 1772 1725 1845 τυγχά-

51 1876 212 1914 νουσι
231 1857 291 1914 δὲ
310 1860 403 1914 καὶ
423 1856 587 1914 ἄλλαι
607 1865 856 1913 τοιαῦται
874 1851 1065 1930 οὖσαι,
1104 1864 1275 1929 πειρῶ
1309 1863 1481 1914 εἰπεῖν
1494 1900 1508 1928 ,
1547 1853 1581 1928 ἡ
1601 1857 1723 1927 περὶ

48 1946 102 1997 τί
117 1941 180 1997 ἐν
206 1940 392 2011 λόγοις
412 1937 471 1996 τὸ
503 1946 673 2010 κῦρος
703 1945 903 2013 ἔχουσα
933 1940 1196 2014 ῥητορική
1225 1944 1388 1997 ἐστιν.
1447 1940 1631 2012 ὥσπερ
1652 1935 1724 1996 ἂν
1779 1945 1782 1948 ’

50 2029 104 2079 εἰ
123 2027 204 2087 τίς
229 2044 297 2094 με
328 2027 506 2094 ἔροιτο
540 2017 622 2078 οἷν
651 2031 760 2079 νῦν
787 2023 852 2096 δὴ
880 2028 1070 2094 ἔλεγον
1102 2025 1227 2093 περὶ
1254 2021 1590 2096 ἡστινοσοῦν
1608 2029 1723 2079 τοῖν

47 2109 283 2174 τεχνῶν·
319 2099 367 2161 εὖ
384 2105 705 2178 Σώκρατες,
739 2112 817 2173 τίς
836 2110 986 2163 ἐστιν
1004 2103 1037 2178 ἦ
1059 2104 1396 2179 ἀριθμητικὴ
1415 2110 1605 2178 τέχνης
1645 2113 1724 2162 εἴ-

48 2182 193 2258 ποιμ’
224 2182 297 2242 ἄν
326 2185 506 2260 αὐτῷ,
548 2187 733 2258 ὥσπερ
764 2188 835 2245 σύ
864 2188 1017 2260 ἄρτι,
1056 2188 1140 2244 ὅτι
1167 2195 1281 2245 ταῖν
1319 2187 1408 2245 διὰ
1445 2188 1619 2261 λόγου
1645 2211 1726 2254 τις
1758 2200 1788 2242 Β

46 2265 110 2325 τὸ
140 2274 312 2336 κῦρος
340 2270 612 2339 ἐχουσῶν·
657 2272 748 2326 καὶ
780 2279 834 2327 εἰ
860 2293 926 2342 με
955 2274 1303 2341 ἐπανέροιτο·
1351 2279 1464 2327 τῶν
1492 2274 1616 2343 περὶ
1643 2277 1723 2339 τίς

0 2370 1 2374 ’
48 2346 245 2421 εἴποιμ’
267 2345 340 2405 ἂν
370 2348 453 2405 ὅτι
483 2357 596 2405 τῶν
626 2354 748 2421 περὶ
780 2353 839 2410 τό
861 2353 1056 2423 ἅρτιόν
1084 2376 1140 2410 τε
1170 2355 1261 2410 καὶ
1279 2351 1535 2422 περιττὸν
1555 2359 1723 2425 [γνῶ-

3 2461 6 2469 ·
46 2439 151 2503 σις]
166 2474 183 2503 ,
206 2431 310 2488 ὅσα
330 2429 403 2487 ἄν
421 2432 650 2501 ἑκάτερα
670 2435 915 2508 τυγχάνῃ
936 2434 1085 2492 ὄντα.
1142 2441 1192 2492 εἰ
1211 2436 1264 2492 δ’
1287 2431 1362 2493 αὖ
1382 2442 1561 2507 ἔροιτο
1576 2459 1589 2473 ·
1619 2435 1723 2509 τὴν

6 2523 7 2526 ’
47 2513 107 2572 δὶ
125 2514 444 2585 λογιστικὴν
463 2522 584 2571 τίνα
605 2522 787 2583 καλεῖς
805 2522 1029 2590 τέχνην;
1069 2518 1264 2591 εἴποιμ’
1287 2515 1361 2575 ἄν
1390 2518 1477 2576 ὅτι
1506 2521 1596 2576 καὶ
1617 2517 1723 2575 αῦ-

10 2620 20 2653 ι
43 2616 111 2668 τη
129 2598 241 2654 ἐστὶ
261 2605 371 2655 τῶν
393 2599 540 2673 λόγῳ
562 2601 621 2654 τὸ
644 2607 760 2655 πάν
779 2603 1166 2673 κυρουμένων·
1194 2602 1286 2659 καὶ
1305 2607 1357 2659 εἰ
1371 2605 1690 2673 ἐπανέροιτο
1707 2622 1719 2635 ·

45 2673 82 2749 ἦ
109 2680 233 2747 περὶ
263 2685 337 2744 τί;
378 2680 571 2753 εἴποιμ’
601 2677 674 2738 ἄν
707 2680 894 2753 ὥσπερ
925 2687 985 2740 οἱ
1006 2686 1069 2742 ἐν
1097 2693 1175 2760 τῷ
1204 2685 1361 2759 δήμῳ
1393 2683 1726 2759 συγγραφό-

45 2780 236 2831 μενοι,
271 2758 356 2819 ὅτι
385 2760 450 2819 τά
483 2766 586 2836 μὲν
615 2763 754 2822 ἄλλα
784 2767 1042 2839 καθάπερ
1070 2765 1104 2840 ἡ
1139 2766 1473 2840 άριθμητικὴ
1503 2766 1538 2841 ἡ
1565 2774 1722 2841 λογι-
1752 2778 1782 2821 C

19 2840 202 2914 ’στικὴ
235 2848 367 2914 ἔχει·
403 2847 528 2916 περὶ
558 2847 618 2904 τὸ
653 2846 789 2905 αὐτὸ
822 2849 928 2922 γάρ
961 2851 1102 2922 ἐστι,
1146 2851 1209 2907 τό
1242 2873 1299 2907 τε
1324 2849 1520 2922 ἄρτιον
1539 2852 1631 2908 καὶ
1658 2849 1719 2908 τὸ
