<?xml version="1.0" encoding="UTF-8"?>
<!DOCTYPE html PUBLIC "-//W3C//DTD XHTML 1.0 Transitional//EN"
    "http://www.w3.org/TR/xhtml1/DTD/xhtml1-transitional.dtd">
<html xmlns="http://www.w3.org/1999/xhtml" xml:lang="en" lang="en">
 <head>
  <title>
</title>
<meta http-equiv="Content-Type" content="text/html;charset=utf-8" />
  <meta name='ocr-system' content='tesseract 3.04.00' />
  <meta name='ocr-capabilities' content='ocr_page ocr_carea ocr_par ocr_line ocrx_word'/>
</head>
<body>
  <div class='ocr_page' id='page_1' title='image "./dialogisecumdumt03platuoft_0270.png"; bbox 0 0 1962 3112; ppageno 0'>
   <div class='ocr_carea' id='block_1_1' title="bbox 144 100 1872 164">
    <p class='ocr_par' dir='ltr' id='par_1_1' title="bbox 144 100 1872 164">
     <span class='ocr_line' id='line_1_1' title="bbox 144 100 1872 164; baseline -0.001 -9"><span class='ocrx_word' id='word_1_1' title='bbox 144 112 149 116; x_wconf 89' lang='lat'>·</span> <span class='ocrx_word' id='word_1_2' title='bbox 200 102 304 155; x_wconf 77' lang='lat'><strong><em>236</em></strong></span> <span class='ocrx_word' id='word_1_3' title='bbox 574 162 576 164; x_wconf 0' lang='lat' dir='ltr'><strong><em>A</em></strong></span> <span class='ocrx_word' id='word_1_4' title='bbox 799 100 1277 150; x_wconf 68' lang='grc' dir='ltr'><em>ΠΛΑΤΩΝΟΣ</em></span> <span class='ocrx_word' id='word_1_5' title='bbox 1815 108 1872 153; x_wconf 83' lang='lat'><strong><em>38</em></strong></span> 
     </span>
    </p>
   </div>
   <div class='ocr_carea' id='block_1_2' title="bbox 137 227 1879 2105">
    <p class='ocr_par' dir='ltr' id='par_1_2' title="bbox 137 227 1873 551">
     <span class='ocr_line' id='line_1_2' title="bbox 137 227 1873 307; baseline -0.003 -13"><span class='ocrx_word' id='word_1_6' title='bbox 137 243 170 286; x_wconf 82' lang='lat' dir='ltr'>G</span> <span class='ocrx_word' id='word_1_7' title='bbox 202 235 368 293; x_wconf 74' lang='grc' dir='ltr'><strong><em>οὐδὲν</em></strong></span> <span class='ocrx_word' id='word_1_8' title='bbox 388 235 536 307; x_wconf 80' lang='grc' dir='ltr'><strong><em>οἶμαι</em></strong></span> <span class='ocrx_word' id='word_1_9' title='bbox 554 233 709 300; x_wconf 70' lang='grc' dir='ltr'><strong><em>ἄξιον</em></strong></span> <span class='ocrx_word' id='word_1_10' title='bbox 738 233 910 304; x_wconf 81' lang='grc' dir='ltr'><strong><em>λόγου</em></strong></span> <span class='ocrx_word' id='word_1_11' title='bbox 929 255 1022 304; x_wconf 93' lang='grc' dir='ltr'><strong><em>μοι</em></strong></span> <span class='ocrx_word' id='word_1_12' title='bbox 1042 232 1389 303; x_wconf 78' lang='grc' dir='ltr'><em>πεπεράνθαι</em></span> <span class='ocrx_word' id='word_1_13' title='bbox 1408 235 1530 302; x_wconf 85' lang='grc' dir='ltr'><strong><em>περὶ</em></strong></span> <span class='ocrx_word' id='word_1_14' title='bbox 1553 227 1633 290; x_wconf 75' lang='grc' dir='ltr'><strong><em>ὦν</em></strong></span> <span class='ocrx_word' id='word_1_15' title='bbox 1653 231 1723 289; x_wconf 71' lang='grc' dir='ltr'><strong><em>ἂν</em></strong></span> <span class='ocrx_word' id='word_1_16' title='bbox 1740 231 1873 305; x_wconf 84' lang='grc' dir='ltr'><strong><em>ἡμῖν</em></strong></span> 
     </span>
     <span class='ocr_line' id='line_1_3' title="bbox 199 312 1873 391; baseline -0.003 -16"><span class='ocrx_word' id='word_1_17' title='bbox 199 316 228 375; x_wconf 86' lang='grc' dir='ltr'>ὁ</span> <span class='ocrx_word' id='word_1_18' title='bbox 249 319 413 390; x_wconf 91' lang='grc' dir='ltr'><strong><em>λόγος</em></strong></span> <span class='ocrx_word' id='word_1_19' title='bbox 431 321 492 391; x_wconf 78' lang='grc' dir='ltr'><strong><em>ῃ·</em></strong></span> <span class='ocrx_word' id='word_1_20' title='bbox 528 316 676 387; x_wconf 86' lang='grc' dir='ltr'><strong><em>οἶμαι</em></strong></span> <span class='ocrx_word' id='word_1_21' title='bbox 697 315 756 371; x_wconf 91' lang='grc' dir='ltr'><strong><em>δε</em></strong></span> <span class='ocrx_word' id='word_1_22' title='bbox 776 314 905 370; x_wconf 80' lang='grc' dir='ltr'><strong><em>οὐδὲ</em></strong></span> <span class='ocrx_word' id='word_1_23' title='bbox 924 320 1038 386; x_wconf 86' lang='grc' dir='ltr'><strong><em>σοί,</em></strong></span> <span class='ocrx_word' id='word_1_24' title='bbox 1073 313 1170 370; x_wconf 78' lang='grc' dir='ltr'><strong><em>ἐὰν</em></strong></span> <span class='ocrx_word' id='word_1_25' title='bbox 1188 314 1261 386; x_wconf 85' lang='grc' dir='ltr'><strong><em>μὴ</em></strong></span> <span class='ocrx_word' id='word_1_26' title='bbox 1284 316 1388 386; x_wconf 81' lang='grc' dir='ltr'><strong><em>ἐγώ</em></strong></span> <span class='ocrx_word' id='word_1_27' title='bbox 1411 333 1497 372; x_wconf 90' lang='grc' dir='ltr'><strong><em>σοι</em></strong></span> <span class='ocrx_word' id='word_1_28' title='bbox 1516 322 1843 388; x_wconf 78' lang='grc' dir='ltr'><strong><em>μαρτυρῶι</em></strong></span> <span class='ocrx_word' id='word_1_29' title='bbox 1799 312 1873 381; x_wconf 87' lang='grc' dir='ltr'><strong><em>εἷς</em></strong></span> 
     </span>
     <span class='ocr_line' id='line_1_4' title="bbox 203 396 1870 471; baseline -0.003 -15"><span class='ocrx_word' id='word_1_30' title='bbox 203 397 284 456; x_wconf 79' lang='grc' dir='ltr'><strong><em>ών</em></strong></span> <span class='ocrx_word' id='word_1_31' title='bbox 311 401 510 471; x_wconf 79' lang='grc' dir='ltr'><strong><em>μόνος,</em></strong></span> <span class='ocrx_word' id='word_1_32' title='bbox 549 396 681 463; x_wconf 77' lang='grc' dir='ltr'><strong><em>τοὺς</em></strong></span> <span class='ocrx_word' id='word_1_33' title='bbox 710 396 759 452; x_wconf 87' lang='grc' dir='ltr'><strong><em>δ’</em></strong></span> <span class='ocrx_word' id='word_1_34' title='bbox 795 396 996 461; x_wconf 78' lang='grc' dir='ltr'><strong><em>ἄλλους</em></strong></span> <span class='ocrx_word' id='word_1_35' title='bbox 1025 396 1234 461; x_wconf 80' lang='grc' dir='ltr'><em>πάντας</em></span> <span class='ocrx_word' id='word_1_36' title='bbox 1262 397 1494 461; x_wconf 83' lang='grc' dir='ltr'><strong><em>τούτους</em></strong></span> <span class='ocrx_word' id='word_1_37' title='bbox 1521 402 1731 468; x_wconf 82' lang='grc' dir='ltr'><em>χαίρειν</em></span> <span class='ocrx_word' id='word_1_38' title='bbox 1761 399 1870 470; x_wconf 81' lang='grc' dir='ltr'><strong><em>ἐᾷς.</em></strong></span> 
     </span>
     <span class='ocr_line' id='line_1_5' title="bbox 204 473 1872 582; baseline -0.002 -45"><span class='ocrx_word' id='word_1_39' title='bbox 204 487 316 537; x_wconf 83' lang='grc' dir='ltr'><strong><em>ἔστι</em></strong></span> <span class='ocrx_word' id='word_1_40' title='bbox 345 484 446 551; x_wconf 80' lang='grc' dir='ltr'><strong><em>μὲν</em></strong></span> <span class='ocrx_word' id='word_1_41' title='bbox 478 474 582 536; x_wconf 77' lang='grc' dir='ltr'><strong><em>οὖν</em></strong></span> <span class='ocrx_word' id='word_1_42' title='bbox 610 473 772 543; x_wconf 92' lang='grc' dir='ltr'><strong><em>ουτός</em></strong></span> <span class='ocrx_word' id='word_1_43' title='bbox 791 502 870 544; x_wconf 91' lang='grc' dir='ltr'><strong><em>τις</em></strong></span> <span class='ocrx_word' id='word_1_44' title='bbox 887 479 1091 547; x_wconf 79' lang='grc' dir='ltr'><strong><em>τρόπος</em></strong></span> <span class='ocrx_word' id='word_1_45' title='bbox 1110 480 1360 582; x_wconf 83' lang='grc' dir='ltr'><strong><em>ἐλέγχου,</em></strong></span> <span class='ocrx_word' id='word_1_46' title='bbox 1399 477 1472 544; x_wconf 82' lang='grc' dir='ltr'><strong><em>ὡς</em></strong></span> <span class='ocrx_word' id='word_1_47' title='bbox 1490 479 1561 535; x_wconf 85' lang='grc' dir='ltr'><strong><em>σύ</em></strong></span> <span class='ocrx_word' id='word_1_48' title='bbox 1581 501 1638 535; x_wconf 91' lang='grc' dir='ltr'><strong><em>τε</em></strong></span> <span class='ocrx_word' id='word_1_49' title='bbox 1659 487 1760 536; x_wconf 81' lang='grc' dir='ltr'><strong><em>οἴει</em></strong></span> <span class='ocrx_word' id='word_1_50' title='bbox 1780 479 1872 534; x_wconf 89' lang='grc' dir='ltr'><strong><em>καὶ</em></strong></span> 
     </span>
    </p>

    <p class='ocr_par' dir='ltr' id='par_1_3' title="bbox 201 558 1879 1123">
     <span class='ocr_line' id='line_1_6' title="bbox 202 558 1873 632; baseline -0.001 -13.956"><span class='ocrx_word' id='word_1_51' title='bbox 202 563 358 619; x_wconf 88' lang='grc' dir='ltr'><strong><em>άλλοι</em></strong></span> <span class='ocrx_word' id='word_1_52' title='bbox 377 567 595 618; x_wconf 86' lang='grc' dir='ltr'><strong><em>πολλοί·</em></strong></span> <span class='ocrx_word' id='word_1_53' title='bbox 617 566 729 617; x_wconf 80' lang='grc' dir='ltr'><strong><em>ἔστι</em></strong></span> <span class='ocrx_word' id='word_1_54' title='bbox 747 562 806 617; x_wconf 77' lang='grc' dir='ltr'><strong><em>δὲ</em></strong></span> <span class='ocrx_word' id='word_1_55' title='bbox 825 563 914 617; x_wconf 86' lang='grc' dir='ltr'><strong><em>καὶ</em></strong></span> <span class='ocrx_word' id='word_1_56' title='bbox 933 559 1113 630; x_wconf 76' lang='grc' dir='ltr'><strong><em>ἄλλος,</em></strong></span> <span class='ocrx_word' id='word_1_57' title='bbox 1134 559 1202 616; x_wconf 79' lang='grc' dir='ltr'><strong><em>ὃν</em></strong></span> <span class='ocrx_word' id='word_1_58' title='bbox 1223 558 1327 632; x_wconf 85' lang='grc' dir='ltr'><strong><em>ἐγω</em></strong></span> <span class='ocrx_word' id='word_1_59' title='bbox 1350 584 1421 617; x_wconf 91' lang='grc' dir='ltr'><strong><em>αυ</em></strong></span> <span class='ocrx_word' id='word_1_60' title='bbox 1442 560 1601 632; x_wconf 84' lang='grc' dir='ltr'><strong><em>οἶμαι</em></strong></span> <span class='ocrx_word' id='word_1_61' title='bbox 1621 567 1873 632; x_wconf 87' lang='grc' dir='ltr'><strong><em>παραβα-</em></strong></span> 
     </span>
     <span class='ocr_line' id='line_1_7' title="bbox 202 637 1873 715; baseline -0.002 -15"><span class='ocrx_word' id='word_1_62' title='bbox 202 644 394 709; x_wconf 89' lang='grc' dir='ltr'><strong><em>λόντες</em></strong></span> <span class='ocrx_word' id='word_1_63' title='bbox 424 637 529 699; x_wconf 83' lang='grc' dir='ltr'><strong><em>οὖν</em></strong></span> <span class='ocrx_word' id='word_1_64' title='bbox 557 641 689 714; x_wconf 85' lang='grc' dir='ltr'><strong><em>παρ’</em></strong></span> <span class='ocrx_word' id='word_1_65' title='bbox 716 642 988 714; x_wconf 75' lang='grc' dir='ltr'><strong><em>ἀλλήλους</em></strong></span> <span class='ocrx_word' id='word_1_66' title='bbox 1018 643 1378 715; x_wconf 78' lang='grc' dir='ltr'><em>σκεψώμεθα,</em></span> <span class='ocrx_word' id='word_1_67' title='bbox 1419 652 1473 700; x_wconf 74' lang='grc' dir='ltr'><strong><em>εἴ</em></strong></span> <span class='ocrx_word' id='word_1_68' title='bbox 1494 667 1546 699; x_wconf 92' lang='grc' dir='ltr'><strong><em>τι</em></strong></span> <span class='ocrx_word' id='word_1_69' title='bbox 1567 647 1873 699; x_wconf 79' lang='grc' dir='ltr'><strong><em>διοίσουσιν</em></strong></span> 
     </span>
     <span class='ocr_line' id='line_1_8' title="bbox 203 718 1873 798; baseline -0.002 -17"><span class='ocrx_word' id='word_1_70' title='bbox 203 726 479 798; x_wconf 87' lang='grc' dir='ltr'><strong><em>ἀλλήλων.</em></strong></span> <span class='ocrx_word' id='word_1_71' title='bbox 518 727 608 781; x_wconf 87' lang='grc' dir='ltr'><strong><em>καὶ</em></strong></span> <span class='ocrx_word' id='word_1_72' title='bbox 636 725 743 796; x_wconf 79' lang='grc' dir='ltr'><strong><em>γὰρ</em></strong></span> <span class='ocrx_word' id='word_1_73' title='bbox 773 724 1029 795; x_wconf 77' lang='grc' dir='ltr'><strong><em>τυγχάνει</em></strong></span> <span class='ocrx_word' id='word_1_74' title='bbox 1059 727 1180 794; x_wconf 89' lang='grc' dir='ltr'><strong><em>περὶ</em></strong></span> <span class='ocrx_word' id='word_1_75' title='bbox 1211 718 1292 780; x_wconf 70' lang='grc' dir='ltr'><strong><em>οἷν</em></strong></span> <span class='ocrx_word' id='word_1_76' title='bbox 1321 723 1776 797; x_wconf 81' lang='grc' dir='ltr'><strong><em>ἀμφισβητοῦμεν</em></strong></span> <span class='ocrx_word' id='word_1_77' title='bbox 1804 722 1873 779; x_wconf 82' lang='grc' dir='ltr'><strong><em>οὐ</em></strong></span> 
     </span>
     <span class='ocr_line' id='line_1_9' title="bbox 201 800 1871 878; baseline -0.002 -15"><span class='ocrx_word' id='word_1_78' title='bbox 201 809 351 864; x_wconf 86' lang='grc' dir='ltr'><strong><em>πάνυ</em></strong></span> <span class='ocrx_word' id='word_1_79' title='bbox 371 805 571 878; x_wconf 78' lang='grc' dir='ltr'><strong><em>σμικρὰ</em></strong></span> <span class='ocrx_word' id='word_1_80' title='bbox 597 805 749 873; x_wconf 86' lang='grc' dir='ltr'><strong><em>ὅντα,</em></strong></span> <span class='ocrx_word' id='word_1_81' title='bbox 773 803 910 862; x_wconf 83' lang='grc' dir='ltr'><strong><em>ἀλλά</em></strong></span> <span class='ocrx_word' id='word_1_82' title='bbox 932 805 1130 876; x_wconf 89' lang='grc' dir='ltr'><strong><em>σχεδόν</em></strong></span> <span class='ocrx_word' id='word_1_83' title='bbox 1149 828 1199 861; x_wconf 94' lang='grc' dir='ltr'><strong><em>τι</em></strong></span> <span class='ocrx_word' id='word_1_84' title='bbox 1215 814 1405 878; x_wconf 78' lang='grc' dir='ltr'><strong><em>ταῦτα,</em></strong></span> <span class='ocrx_word' id='word_1_85' title='bbox 1428 810 1552 876; x_wconf 85' lang='grc' dir='ltr'><strong><em>περὶ</em></strong></span> <span class='ocrx_word' id='word_1_86' title='bbox 1571 800 1652 862; x_wconf 79' lang='grc' dir='ltr'><strong><em>ών</em></strong></span> <span class='ocrx_word' id='word_1_87' title='bbox 1671 808 1871 862; x_wconf 81' lang='grc' dir='ltr'><strong><em>εἰδέναι</em></strong></span> 
     </span>
     <span class='ocr_line' id='line_1_10' title="bbox 201 887 1874 960; baseline -0.001 -14"><span class='ocrx_word' id='word_1_88' title='bbox 201 913 258 946; x_wconf 89' lang='grc' dir='ltr'><strong><em>τε</em></strong></span> <span class='ocrx_word' id='word_1_89' title='bbox 278 890 574 946; x_wconf 90' lang='grc' dir='ltr'><strong><em>κάλλιστον</em></strong></span> <span class='ocrx_word' id='word_1_90' title='bbox 603 887 675 960; x_wconf 81' lang='grc' dir='ltr'><strong><em>μὴ</em></strong></span> <span class='ocrx_word' id='word_1_91' title='bbox 709 893 910 945; x_wconf 81' lang='grc' dir='ltr'><strong><em>εἰδέναι</em></strong></span> <span class='ocrx_word' id='word_1_92' title='bbox 937 911 994 944; x_wconf 92' lang='grc' dir='ltr'><strong><em>τε</em></strong></span> <span class='ocrx_word' id='word_1_93' title='bbox 1024 897 1326 959; x_wconf 74' lang='grc' dir='ltr'><strong><em>αἴσχιστον·</em></strong></span> <span class='ocrx_word' id='word_1_94' title='bbox 1362 890 1422 944; x_wconf 86' lang='grc' dir='ltr'><strong><em>τὸ</em></strong></span> <span class='ocrx_word' id='word_1_95' title='bbox 1443 887 1549 959; x_wconf 75' lang='grc' dir='ltr'><strong><em>γάρ</em></strong></span> <span class='ocrx_word' id='word_1_96' title='bbox 1569 889 1874 960; x_wconf 89' lang='grc' dir='ltr'><strong><em>κεφάλαιον</em></strong></span> 
     </span>
     <span class='ocr_line' id='line_1_11' title="bbox 204 967 1871 1043; baseline -0.001 -15"><span class='ocrx_word' id='word_1_97' title='bbox 204 971 390 1028; x_wconf 75' lang='grc' dir='ltr'><strong><em>αὐτῶν</em></strong></span> <span class='ocrx_word' id='word_1_98' title='bbox 417 974 563 1028; x_wconf 84' lang='grc' dir='ltr'><strong><em>ἐστὶν</em></strong></span> <span class='ocrx_word' id='word_1_99' title='bbox 589 968 626 1042; x_wconf 77' lang='grc' dir='ltr'><em>ἢ</em></span> <span class='ocrx_word' id='word_1_100' title='bbox 655 971 987 1041; x_wconf 78' lang='grc' dir='ltr'><strong><em>γιγνώσκειν</em></strong></span> <span class='ocrx_word' id='word_1_101' title='bbox 1004 967 1041 1043; x_wconf 77' lang='grc' dir='ltr'><strong><em>ἦ</em></strong></span> <span class='ocrx_word' id='word_1_102' title='bbox 1060 972 1307 1042; x_wconf 85' lang='grc' dir='ltr'><strong><em>ἀγνοεῖν,</em></strong></span> <span class='ocrx_word' id='word_1_103' title='bbox 1349 970 1496 1035; x_wconf 79' lang='grc' dir='ltr'><strong><em>ὅστις</em></strong></span> <span class='ocrx_word' id='word_1_104' title='bbox 1515 993 1571 1026; x_wconf 90' lang='grc' dir='ltr'><strong><em>τε</em></strong></span> <span class='ocrx_word' id='word_1_105' title='bbox 1594 969 1871 1042; x_wconf 80' lang='grc' dir='ltr'><strong><em>εὐδαίμων</em></strong></span> 
     </span>
     <span class='ocr_line' id='line_1_12' title="bbox 205 1046 1879 1123; baseline -0.002 -13"><span class='ocrx_word' id='word_1_106' title='bbox 205 1057 315 1110; x_wconf 78' lang='grc' dir='ltr'><strong><em>ἐστὶ</em></strong></span> <span class='ocrx_word' id='word_1_107' title='bbox 348 1055 438 1109; x_wconf 86' lang='grc' dir='ltr'><strong><em>καὶ</em></strong></span> <span class='ocrx_word' id='word_1_108' title='bbox 471 1052 619 1118; x_wconf 80' lang='grc' dir='ltr'><strong><em>ὅστις</em></strong></span> <span class='ocrx_word' id='word_1_109' title='bbox 646 1053 736 1123; x_wconf 87' lang='grc' dir='ltr'><strong><em>μή.</em></strong></span> <span class='ocrx_word' id='word_1_110' title='bbox 776 1050 972 1108; x_wconf 85' lang='grc' dir='ltr'><strong><em>αὐτίκα</em></strong></span> <span class='ocrx_word' id='word_1_111' title='bbox 1001 1059 1249 1123; x_wconf 73' lang='grc' dir='ltr'><strong><em>πρῶτον,</em></strong></span> <span class='ocrx_word' id='word_1_112' title='bbox 1288 1054 1410 1121; x_wconf 86' lang='grc' dir='ltr'><strong><em>περὶ</em></strong></span> <span class='ocrx_word' id='word_1_113' title='bbox 1436 1046 1506 1106; x_wconf 80' lang='grc' dir='ltr'><strong><em>οὗ</em></strong></span> <span class='ocrx_word' id='word_1_114' title='bbox 1525 1059 1632 1107; x_wconf 87' lang='grc' dir='ltr'><strong><em>νῦν</em></strong></span> <span class='ocrx_word' id='word_1_115' title='bbox 1651 1050 1680 1108; x_wconf 90' lang='grc' dir='ltr'>ὁ</span> <span class='ocrx_word' id='word_1_116' title='bbox 1711 1053 1879 1123; x_wconf 82' lang='grc' dir='ltr'><strong><em>λόγος·</em></strong></span> 
     </span>
    </p>

    <p class='ocr_par' dir='ltr' id='par_1_4' title="bbox 139 1129 1876 1453">
     <span class='ocr_line' id='line_1_13' title="bbox 139 1129 1874 1206; baseline -0.002 -15"><span class='ocrx_word' id='word_1_117' title='bbox 139 1143 174 1185; x_wconf 90' lang='lat' dir='ltr'>D</span> <span class='ocrx_word' id='word_1_118' title='bbox 205 1138 335 1206; x_wconf 79' lang='grc' dir='ltr'><strong><em>ε’στί,</em></strong></span> <span class='ocrx_word' id='word_1_119' title='bbox 358 1135 429 1190; x_wconf 77' lang='grc' dir='ltr'><strong>σύ</strong></span> <span class='ocrx_word' id='word_1_120' title='bbox 447 1135 573 1206; x_wconf 76' lang='grc' dir='ltr'><strong><em>ἡγεῖ</em></strong></span> <span class='ocrx_word' id='word_1_121' title='bbox 588 1129 711 1190; x_wconf 85' lang='grc' dir='ltr'><strong><em>οἷόν</em></strong></span> <span class='ocrx_word' id='word_1_122' title='bbox 735 1156 792 1190; x_wconf 88' lang='grc' dir='ltr'><strong><em>τε</em></strong></span> <span class='ocrx_word' id='word_1_123' title='bbox 805 1177 820 1205; x_wconf 84' lang='grc'>,</span> <span class='ocrx_word' id='word_1_124' title='bbox 852 1133 991 1190; x_wconf 80' lang='grc' dir='ltr'><strong><em>εἶναι</em></strong></span> <span class='ocrx_word' id='word_1_125' title='bbox 1009 1133 1283 1204; x_wconf 88' lang='grc' dir='ltr'><strong><em>μακάριον</em></strong></span> <span class='ocrx_word' id='word_1_126' title='bbox 1303 1132 1479 1204; x_wconf 76' lang='grc' dir='ltr'><strong><em>ἄνδρα</em></strong></span> <span class='ocrx_word' id='word_1_127' title='bbox 1498 1132 1797 1189; x_wconf 83' lang='grc' dir='ltr'><strong><em>ἀδικοῦντά</em></strong></span> <span class='ocrx_word' id='word_1_128' title='bbox 1817 1155 1874 1189; x_wconf 87' lang='grc' dir='ltr'><strong><em>τε</em></strong></span> 
     </span>
     <span class='ocr_line' id='line_1_14' title="bbox 205 1213 1874 1287; baseline -0.001 -14"><span class='ocrx_word' id='word_1_129' title='bbox 205 1219 297 1273; x_wconf 84' lang='grc' dir='ltr'><strong><em>καὶ</em></strong></span> <span class='ocrx_word' id='word_1_130' title='bbox 326 1217 523 1273; x_wconf 76' lang='grc' dir='ltr'><strong><em>ἄδικον</em></strong></span> <span class='ocrx_word' id='word_1_131' title='bbox 553 1215 715 1286; x_wconf 86' lang='grc' dir='ltr'><strong><em>ὅντα,</em></strong></span> <span class='ocrx_word' id='word_1_132' title='bbox 758 1223 911 1285; x_wconf 77' lang='grc' dir='ltr'><strong><em>εἴπερ</em></strong></span> <span class='ocrx_word' id='word_1_133' title='bbox 938 1213 1229 1286; x_wconf 84' lang='grc' dir='ltr'><strong><em>Ἀρχέλαον</em></strong></span> <span class='ocrx_word' id='word_1_134' title='bbox 1247 1215 1442 1271; x_wconf 81' lang='grc' dir='ltr'><strong><em>ἄδικον</em></strong></span> <span class='ocrx_word' id='word_1_135' title='bbox 1461 1216 1562 1286; x_wconf 76' lang='grc' dir='ltr'><strong><em>μὲν</em></strong></span> <span class='ocrx_word' id='word_1_136' title='bbox 1579 1213 1702 1287; x_wconf 82' lang='grc' dir='ltr'><strong><em>ἡγεῖ</em></strong></span> <span class='ocrx_word' id='word_1_137' title='bbox 1717 1214 1874 1285; x_wconf 85' lang='grc' dir='ltr'><strong><em>εἶναι,</em></strong></span> 
     </span>
     <span class='ocr_line' id='line_1_15' title="bbox 206 1295 1876 1370; baseline -0.002 -15"><span class='ocrx_word' id='word_1_138' title='bbox 206 1298 507 1370; x_wconf 79' lang='grc' dir='ltr'><strong><em>εὐδαίμονα</em></strong></span> <span class='ocrx_word' id='word_1_139' title='bbox 539 1302 620 1354; x_wconf 84' lang='grc' dir='ltr'><strong><em>δέ·</em></strong></span> <span class='ocrx_word' id='word_1_140' title='bbox 660 1296 793 1354; x_wconf 74' lang='grc' dir='ltr'><strong><em>ἄλλο</em></strong></span> <span class='ocrx_word' id='word_1_141' title='bbox 825 1320 875 1353; x_wconf 91' lang='grc' dir='ltr'><strong><em>τι</em></strong></span> <span class='ocrx_word' id='word_1_142' title='bbox 905 1295 976 1363; x_wconf 78' lang='grc' dir='ltr'><strong><em>ὡς</em></strong></span> <span class='ocrx_word' id='word_1_143' title='bbox 1005 1296 1151 1353; x_wconf 82' lang='grc' dir='ltr'><strong><em>οὕτω</em></strong></span> <span class='ocrx_word' id='word_1_144' title='bbox 1183 1314 1286 1352; x_wconf 92' lang='grc' dir='ltr'><strong><em>σου</em></strong></span> <span class='ocrx_word' id='word_1_145' title='bbox 1306 1302 1620 1368; x_wconf 81' lang='grc' dir='ltr'><strong><em>νομίζοντος</em></strong></span> <span class='ocrx_word' id='word_1_146' title='bbox 1639 1297 1876 1353; x_wconf 89' lang='grc' dir='ltr'><strong><em>διανοώ-</em></strong></span> 
     </span>
     <span class='ocr_line' id='line_1_16' title="bbox 205 1390 381 1453; baseline -0.006 -16"><span class='ocrx_word' id='word_1_147' title='bbox 205 1390 381 1453; x_wconf 82' lang='grc' dir='ltr'><strong><em>μεθα;</em></strong></span> 
     </span>
    </p>

    <p class='ocr_par' dir='ltr' id='par_1_5' title="bbox 345 1462 839 1531">
     <span class='ocr_line' id='line_1_17' title="bbox 345 1462 839 1531; baseline -0.004 -14"><span class='ocrx_word' id='word_1_148' title='bbox 345 1467 522 1517; x_wconf 74' lang='grc' dir='ltr'><em>ΠΩΛ.</em></span> <span class='ocrx_word' id='word_1_149' title='bbox 578 1462 743 1517; x_wconf 90' lang='grc' dir='ltr'><strong><em>Πάνυ</em></strong></span> <span class='ocrx_word' id='word_1_150' title='bbox 763 1484 839 1531; x_wconf 86' lang='grc' dir='ltr'><strong><em>γε.</em></strong></span> 
     </span>
    </p>

    <p class='ocr_par' dir='ltr' id='par_1_6' title="bbox 205 1541 1879 1782">
     <span class='ocr_line' id='line_1_18' title="bbox 346 1541 1879 1614; baseline 0 -15"><span class='ocrx_word' id='word_1_151' title='bbox 346 1550 572 1601; x_wconf 84' lang='lat' dir='ltr'><strong>XXVIII.</strong></span> <span class='ocrx_word' id='word_1_152' title='bbox 640 1550 764 1600; x_wconf 74' lang='grc' dir='ltr'><strong><em>ΣΩ.</em></strong></span> <span class='ocrx_word' id='word_1_153' title='bbox 816 1541 950 1613; x_wconf 64' lang='lat' dir='ltr'><em>&#39;Ere-5</em></span> <span class='ocrx_word' id='word_1_154' title='bbox 972 1545 1034 1599; x_wconf 89' lang='grc' dir='ltr'><strong><em>δέ</em></strong></span> <span class='ocrx_word' id='word_1_155' title='bbox 1050 1565 1191 1614; x_wconf 92' lang='grc' dir='ltr'><strong><em>φημι</em></strong></span> <span class='ocrx_word' id='word_1_156' title='bbox 1210 1541 1507 1598; x_wconf 85' lang='grc' dir='ltr'><strong><em>ἀδύνατον.</em></strong></span> <span class='ocrx_word' id='word_1_157' title='bbox 1526 1546 1587 1598; x_wconf 80' lang='grc' dir='ltr'><strong><em>ἓν</em></strong></span> <span class='ocrx_word' id='word_1_158' title='bbox 1607 1545 1709 1614; x_wconf 74' lang='grc' dir='ltr'><strong><em>μὲν</em></strong></span> <span class='ocrx_word' id='word_1_159' title='bbox 1727 1546 1879 1599; x_wconf 76' lang='grc' dir='ltr'><strong><em>τουτὶ</em></strong></span> 
     </span>
     <span class='ocr_line' id='line_1_19' title="bbox 205 1619 1876 1699; baseline -0.001 -17"><span class='ocrx_word' id='word_1_160' title='bbox 205 1626 675 1699; x_wconf 87' lang='grc' dir='ltr'><strong><em>ἀμφισβητοῦμεν.</em></strong></span> <span class='ocrx_word' id='word_1_161' title='bbox 719 1624 853 1681; x_wconf 81' lang='grc' dir='ltr'><strong><em>εἷεν·</em></strong></span> <span class='ocrx_word' id='word_1_162' title='bbox 894 1624 1104 1681; x_wconf 75' lang='grc' dir='ltr'><strong><em>ἀδικῶν</em></strong></span> <span class='ocrx_word' id='word_1_163' title='bbox 1134 1625 1191 1681; x_wconf 78' lang='grc' dir='ltr'><strong><em>δὲ</em></strong></span> <span class='ocrx_word' id='word_1_164' title='bbox 1220 1622 1286 1696; x_wconf 88' lang='grc' dir='ltr'><strong><em>δὴ</em></strong></span> <span class='ocrx_word' id='word_1_165' title='bbox 1319 1623 1597 1695; x_wconf 83' lang='grc' dir='ltr'><strong><em>εὐδαίμων</em></strong></span> <span class='ocrx_word' id='word_1_166' title='bbox 1617 1629 1766 1680; x_wconf 80' lang='grc' dir='ltr'><strong><em>ἔσται</em></strong></span> <span class='ocrx_word' id='word_1_167' title='bbox 1784 1619 1876 1695; x_wconf 83' lang='grc' dir='ltr'><strong><em>ἀρ’</em></strong></span> 
     </span>
     <span class='ocr_line' id='line_1_20' title="bbox 208 1705 1210 1782; baseline -0.003 -18"><span class='ocrx_word' id='word_1_168' title='bbox 208 1705 279 1764; x_wconf 77' lang='grc' dir='ltr'><strong><em>ὄίν</em></strong></span> <span class='ocrx_word' id='word_1_169' title='bbox 298 1709 544 1782; x_wconf 76' lang='grc' dir='ltr'><strong><em>τυγχάνῃ</em></strong></span> <span class='ocrx_word' id='word_1_170' title='bbox 570 1714 722 1780; x_wconf 85' lang='grc' dir='ltr'><strong><em>δίκης</em></strong></span> <span class='ocrx_word' id='word_1_171' title='bbox 741 1730 797 1763; x_wconf 90' lang='grc' dir='ltr'><strong><em>τε</em></strong></span> <span class='ocrx_word' id='word_1_172' title='bbox 818 1710 906 1763; x_wconf 89' lang='grc' dir='ltr'><strong><em>καὶ</em></strong></span> <span class='ocrx_word' id='word_1_173' title='bbox 927 1713 1210 1778; x_wconf 84' lang='grc' dir='ltr'><strong><em>τιμωρίας;</em></strong></span> 
     </span>
    </p>

    <p class='ocr_par' dir='ltr' id='par_1_7' title="bbox 347 1786 1879 1861">
     <span class='ocr_line' id='line_1_21' title="bbox 347 1786 1879 1861; baseline -0.003 -15"><span class='ocrx_word' id='word_1_174' title='bbox 347 1796 523 1848; x_wconf 72' lang='grc' dir='ltr'><em>ΠΩΛ.</em></span> <span class='ocrx_word' id='word_1_175' title='bbox 563 1788 797 1844; x_wconf 78' lang='grc' dir='ltr'><strong><em>”Ηκιστά</em></strong></span> <span class='ocrx_word' id='word_1_176' title='bbox 825 1810 913 1858; x_wconf 80' lang='grc' dir='ltr'><strong><em>γε,</em></strong></span> <span class='ocrx_word' id='word_1_177' title='bbox 946 1791 1061 1844; x_wconf 80' lang='grc' dir='ltr'><strong><em>ἐπεὶ</em></strong></span> <span class='ocrx_word' id='word_1_178' title='bbox 1091 1789 1237 1844; x_wconf 81' lang='grc' dir='ltr'><strong><em>οὕτω</em></strong></span> <span class='ocrx_word' id='word_1_179' title='bbox 1257 1788 1310 1859; x_wconf 86' lang='grc' dir='ltr'><strong><em>γ’</em></strong></span> <span class='ocrx_word' id='word_1_180' title='bbox 1331 1786 1402 1843; x_wconf 73' lang='grc' dir='ltr'><strong><em>ἄν</em></strong></span> <span class='ocrx_word' id='word_1_181' title='bbox 1421 1787 1761 1852; x_wconf 77' lang='grc' dir='ltr'><strong><em>ἀθλιώτατος</em></strong></span> <span class='ocrx_word' id='word_1_182' title='bbox 1781 1797 1879 1861; x_wconf 79' lang='grc' dir='ltr'><strong><em>εἴη-</em></strong></span> 
     </span>
    </p>

    <p class='ocr_par' dir='ltr' id='par_1_8' title="bbox 146 1867 1879 2023">
     <span class='ocr_line' id='line_1_22' title="bbox 146 1867 1879 1943; baseline -0.002 -14"><span class='ocrx_word' id='word_1_183' title='bbox 146 1889 176 1929; x_wconf 79' lang='lat' dir='ltr'>E</span> <span class='ocrx_word' id='word_1_184' title='bbox 347 1878 473 1929; x_wconf 67' lang='lat'><strong><em>252.</em></strong></span> <span class='ocrx_word' id='word_1_185' title='bbox 527 1869 662 1926; x_wconf 82' lang='grc' dir='ltr'><strong><em>Ἀλλ’</em></strong></span> <span class='ocrx_word' id='word_1_186' title='bbox 685 1868 784 1926; x_wconf 83' lang='grc' dir='ltr'><strong><em>ε’ἀν</em></strong></span> <span class='ocrx_word' id='word_1_187' title='bbox 801 1870 909 1940; x_wconf 78' lang='grc' dir='ltr'><strong><em>ἄρα</em></strong></span> <span class='ocrx_word' id='word_1_188' title='bbox 924 1869 996 1941; x_wconf 88' lang='grc' dir='ltr'><strong><em>μὴ</em></strong></span> <span class='ocrx_word' id='word_1_189' title='bbox 1015 1871 1259 1943; x_wconf 80' lang='grc' dir='ltr'><strong><em>τυγχάνῃ</em></strong></span> <span class='ocrx_word' id='word_1_190' title='bbox 1277 1875 1429 1941; x_wconf 88' lang='grc' dir='ltr'><strong><em>δίκης</em></strong></span> <span class='ocrx_word' id='word_1_191' title='bbox 1444 1867 1473 1925; x_wconf 83' lang='grc' dir='ltr'>ὁ</span> <span class='ocrx_word' id='word_1_192' title='bbox 1495 1868 1720 1942; x_wconf 73' lang='grc' dir='ltr'><strong><em>ἀδικῶν,</em></strong></span> <span class='ocrx_word' id='word_1_193' title='bbox 1743 1894 1879 1927; x_wconf 91' lang='grc' dir='ltr'><strong><em>κατα</em></strong></span> 
     </span>
     <span class='ocr_line' id='line_1_23' title="bbox 207 1950 1114 2023; baseline -0.003 -13"><span class='ocrx_word' id='word_1_194' title='bbox 207 1953 309 2010; x_wconf 84' lang='grc' dir='ltr'><strong><em>τὸν</em></strong></span> <span class='ocrx_word' id='word_1_195' title='bbox 328 1953 429 2010; x_wconf 81' lang='grc' dir='ltr'><strong><em>σὸν</em></strong></span> <span class='ocrx_word' id='word_1_196' title='bbox 449 1953 621 2023; x_wconf 89' lang='grc' dir='ltr'><strong><em>λόγον</em></strong></span> <span class='ocrx_word' id='word_1_197' title='bbox 641 1950 920 2023; x_wconf 83' lang='grc' dir='ltr'><strong><em>εὐδαίμων</em></strong></span> <span class='ocrx_word' id='word_1_198' title='bbox 940 1956 1114 2018; x_wconf 84' lang='grc' dir='ltr'><strong><em>ἔσται;</em></strong></span> 
     </span>
    </p>

    <p class='ocr_par' dir='ltr' id='par_1_9' title="bbox 347 2040 748 2105">
     <span class='ocr_line' id='line_1_24' title="bbox 347 2040 748 2105; baseline -0.01 -12"><span class='ocrx_word' id='word_1_199' title='bbox 347 2041 526 2097; x_wconf 65' lang='grc' dir='ltr'><em>ΠῼΛ.</em></span> <span class='ocrx_word' id='word_1_200' title='bbox 586 2040 748 2105; x_wconf 73' lang='grc' dir='ltr'><strong><em>Φημί.</em></strong></span> 
     </span>
    </p>
   </div>
   <div class='ocr_carea' id='block_1_3' title="bbox 206 2109 1962 2435">
    <p class='ocr_par' dir='ltr' id='par_1_10' title="bbox 206 2109 1962 2435">
     <span class='ocr_line' id='line_1_25' title="bbox 348 2109 1962 2196; baseline -0.004 -22"><span class='ocrx_word' id='word_1_201' title='bbox 348 2124 473 2174; x_wconf 71' lang='grc' dir='ltr'><strong><em>Σῼ.</em></strong></span> <span class='ocrx_word' id='word_1_202' title='bbox 524 2115 681 2173; x_wconf 82' lang='grc' dir='ltr'><strong><em>Κατά</em></strong></span> <span class='ocrx_word' id='word_1_203' title='bbox 703 2117 764 2171; x_wconf 83' lang='grc' dir='ltr'><strong><em>δέ</em></strong></span> <span class='ocrx_word' id='word_1_204' title='bbox 779 2138 841 2185; x_wconf 91' lang='grc' dir='ltr'><strong><em>γε</em></strong></span> <span class='ocrx_word' id='word_1_205' title='bbox 862 2116 965 2185; x_wconf 80' lang='grc' dir='ltr'><strong><em>τὴν</em></strong></span> <span class='ocrx_word' id='word_1_206' title='bbox 984 2113 1119 2186; x_wconf 81' lang='grc' dir='ltr'><strong><em>ἐμὴν</em></strong></span> <span class='ocrx_word' id='word_1_207' title='bbox 1141 2115 1327 2186; x_wconf 78' lang='grc' dir='ltr'><strong><em>δόξαν,</em></strong></span> <span class='ocrx_word' id='word_1_208' title='bbox 1350 2109 1395 2170; x_wconf 87' lang='grc' dir='ltr'><strong><em>ώ</em></strong></span> <span class='ocrx_word' id='word_1_209' title='bbox 1414 2112 1640 2186; x_wconf 82' lang='grc' dir='ltr'><strong><em>Πωλε,</em></strong></span> <span class='ocrx_word' id='word_1_210' title='bbox 1619 2140 1646 2170; x_wconf 92' lang='grc' dir='ltr'><strong><em>ο</em></strong></span> <span class='ocrx_word' id='word_1_211' title='bbox 1673 2115 1880 2196; x_wconf 79' lang='grc' dir='ltr'><strong><em>ἀδικῶν</em></strong></span> <span class='ocrx_word' id='word_1_212' title='bbox 1956 2125 1962 2131; x_wconf 86' lang='grc'><strong>“</strong></span> 
     </span>
     <span class='ocr_line' id='line_1_26' title="bbox 206 2191 1962 2267; baseline -0.003 -11"><span class='ocrx_word' id='word_1_213' title='bbox 206 2222 263 2256; x_wconf 87' lang='grc' dir='ltr'><strong><em>τε</em></strong></span> <span class='ocrx_word' id='word_1_214' title='bbox 291 2204 382 2256; x_wconf 88' lang='grc' dir='ltr'><strong><em>και</em></strong></span> <span class='ocrx_word' id='word_1_215' title='bbox 414 2197 443 2255; x_wconf 83' lang='grc' dir='ltr'>ὁ</span> <span class='ocrx_word' id='word_1_216' title='bbox 472 2198 660 2263; x_wconf 89' lang='grc' dir='ltr'><strong><em>άδικος</em></strong></span> <span class='ocrx_word' id='word_1_217' title='bbox 681 2199 897 2262; x_wconf 88' lang='grc' dir='ltr'><strong><em>πάντως</em></strong></span> <span class='ocrx_word' id='word_1_218' title='bbox 925 2219 1027 2267; x_wconf 89' lang='grc' dir='ltr'><strong><em>μεν</em></strong></span> <span class='ocrx_word' id='word_1_219' title='bbox 1056 2195 1278 2267; x_wconf 80' lang='grc' dir='ltr'><strong><em>άθλιος,</em></strong></span> <span class='ocrx_word' id='word_1_220' title='bbox 1317 2195 1656 2267; x_wconf 72' lang='grc' dir='ltr'><strong><em>ἀθλιώτερος</em></strong></span> <span class='ocrx_word' id='word_1_221' title='bbox 1676 2191 1880 2267; x_wconf 82' lang='grc' dir='ltr'><strong><em>μέντοι,</em></strong></span> <span class='ocrx_word' id='word_1_222' title='bbox 1960 2220 1962 2226; x_wconf 96' lang='grc'><strong><em>·</em></strong></span> 
     </span>
     <span class='ocr_line' id='line_1_27' title="bbox 207 2271 1959 2352; baseline -0.002 -15"><span class='ocrx_word' id='word_1_223' title='bbox 207 2281 304 2337; x_wconf 83' lang='grc' dir='ltr'><strong><em>ἐὰν</em></strong></span> <span class='ocrx_word' id='word_1_224' title='bbox 324 2278 396 2352; x_wconf 86' lang='grc' dir='ltr'><strong><em>μὴ</em></strong></span> <span class='ocrx_word' id='word_1_225' title='bbox 420 2283 556 2336; x_wconf 90' lang='grc' dir='ltr'><strong><em>διδω</em></strong></span> <span class='ocrx_word' id='word_1_226' title='bbox 577 2284 734 2351; x_wconf 92' lang='grc' dir='ltr'><strong><em>δίκην</em></strong></span> <span class='ocrx_word' id='word_1_227' title='bbox 753 2281 888 2350; x_wconf 80' lang='grc' dir='ltr'><strong><em>μηδὲ</em></strong></span> <span class='ocrx_word' id='word_1_228' title='bbox 909 2279 1151 2350; x_wconf 84' lang='grc' dir='ltr'><strong><em>τυγχάνῃ</em></strong></span> <span class='ocrx_word' id='word_1_229' title='bbox 1171 2286 1429 2350; x_wconf 79' lang='grc' dir='ltr'><strong><em>τιμωρίας</em></strong></span> <span class='ocrx_word' id='word_1_230' title='bbox 1450 2277 1684 2348; x_wconf 72' lang='grc' dir='ltr'><strong><em>ἀδικῶν,</em></strong></span> <span class='ocrx_word' id='word_1_231' title='bbox 1716 2271 1881 2348; x_wconf 84' lang='grc' dir='ltr'><strong><em>ἧττον</em></strong></span> <span class='ocrx_word' id='word_1_232' title='bbox 1957 2331 1959 2334; x_wconf 90' lang='grc'>.</span> 
     </span>
     <span class='ocr_line' id='line_1_28' title="bbox 208 2359 1962 2435; baseline -0.003 -15"><span class='ocrx_word' id='word_1_233' title='bbox 208 2365 266 2420; x_wconf 77' lang='grc' dir='ltr'><strong><em>δὲ</em></strong></span> <span class='ocrx_word' id='word_1_234' title='bbox 289 2363 513 2435; x_wconf 80' lang='grc' dir='ltr'><strong><em>ἅθλιος,</em></strong></span> <span class='ocrx_word' id='word_1_235' title='bbox 554 2361 653 2427; x_wconf 74' lang='grc' dir='ltr'><strong><em>ἐὰν</em></strong></span> <span class='ocrx_word' id='word_1_236' title='bbox 682 2366 817 2434; x_wconf 76' lang='grc' dir='ltr'><strong><em>διδῷ</em></strong></span> <span class='ocrx_word' id='word_1_237' title='bbox 847 2366 1008 2432; x_wconf 90' lang='grc' dir='ltr'><strong><em>δίκην</em></strong></span> <span class='ocrx_word' id='word_1_238' title='bbox 1037 2365 1126 2417; x_wconf 84' lang='grc' dir='ltr'><strong><em>καὶ</em></strong></span> <span class='ocrx_word' id='word_1_239' title='bbox 1159 2361 1402 2433; x_wconf 90' lang='grc' dir='ltr'><strong><em>τυγχάνῃ</em></strong></span> <span class='ocrx_word' id='word_1_240' title='bbox 1422 2366 1574 2432; x_wconf 86' lang='grc' dir='ltr'><strong><em>δίκης</em></strong></span> <span class='ocrx_word' id='word_1_241' title='bbox 1592 2359 1700 2416; x_wconf 77' lang='grc' dir='ltr'><strong><em>ὑπὸ</em></strong></span> <span class='ocrx_word' id='word_1_242' title='bbox 1722 2366 1877 2415; x_wconf 73' lang='grc' dir='ltr'><strong><em>θεῶν</em></strong></span> <span class='ocrx_word' id='word_1_243' title='bbox 1952 2375 1962 2430; x_wconf 59' lang='grc' dir='ltr'><em>ἢ</em></span> 
     </span>
    </p>
   </div>
   <div class='ocr_carea' id='block_1_4' title="bbox 98 2445 1880 2844">
    <p class='ocr_par' dir='ltr' id='par_1_11' title="bbox 98 2445 1880 2844">
     <span class='ocr_line' id='line_1_29' title="bbox 206 2445 729 2514; baseline -0.004 -13"><span class='ocrx_word' id='word_1_244' title='bbox 206 2468 263 2501; x_wconf 88' lang='grc' dir='ltr'><strong><em>τε</em></strong></span> <span class='ocrx_word' id='word_1_245' title='bbox 283 2448 374 2502; x_wconf 85' lang='grc' dir='ltr'><strong><em>καὶ</em></strong></span> <span class='ocrx_word' id='word_1_246' title='bbox 393 2445 729 2514; x_wconf 78' lang='grc' dir='ltr'><strong><em>ἀνθρώπων,</em></strong></span> 
     </span>
     <span class='ocr_line' id='line_1_30' title="bbox 98 2520 1806 2598; baseline -0.004 -15"><span class='ocrx_word' id='word_1_247' title='bbox 98 2539 180 2586; x_wconf 73' lang='lat'><strong><em>473</em></strong></span> <span class='ocrx_word' id='word_1_248' title='bbox 346 2533 523 2582; x_wconf 68' lang='lat' dir='ltr'><em>HSZA.</em></span> <span class='ocrx_word' id='word_1_249' title='bbox 567 2527 775 2582; x_wconf 76' lang='grc' dir='ltr'><strong><em>’Ἀτοπά</em></strong></span> <span class='ocrx_word' id='word_1_250' title='bbox 794 2548 883 2597; x_wconf 80' lang='grc' dir='ltr'><strong><em>γε,</em></strong></span> <span class='ocrx_word' id='word_1_251' title='bbox 908 2520 952 2582; x_wconf 68' lang='grc' dir='ltr'><em>ὦ</em></span> <span class='ocrx_word' id='word_1_252' title='bbox 970 2526 1292 2598; x_wconf 83' lang='grc' dir='ltr'><strong><em>Σώκρατες,</em></strong></span> <span class='ocrx_word' id='word_1_253' title='bbox 1314 2529 1593 2596; x_wconf 84' lang='grc' dir='ltr'><strong><em>ἐπιχειρεις</em></strong></span> <span class='ocrx_word' id='word_1_254' title='bbox 1613 2526 1806 2592; x_wconf 83' lang='grc' dir='ltr'><strong><em>λέγειν.</em></strong></span> 
     </span>
     <span class='ocr_line' id='line_1_31' title="bbox 348 2606 1879 2680; baseline -0.004 -15"><span class='ocrx_word' id='word_1_255' title='bbox 348 2616 471 2665; x_wconf 72' lang='grc' dir='ltr'><strong><em>ΣΩ.</em></strong></span> <span class='ocrx_word' id='word_1_256' title='bbox 531 2609 874 2680; x_wconf 89' lang='grc' dir='ltr'><strong><em>Πειράσομαι</em></strong></span> <span class='ocrx_word' id='word_1_257' title='bbox 908 2611 971 2665; x_wconf 82' lang='grc' dir='ltr'><strong><em>δέ</em></strong></span> <span class='ocrx_word' id='word_1_258' title='bbox 997 2631 1058 2679; x_wconf 87' lang='grc' dir='ltr'><strong><em>γε</em></strong></span> <span class='ocrx_word' id='word_1_259' title='bbox 1089 2611 1179 2665; x_wconf 83' lang='grc' dir='ltr'><strong><em>καὶ</em></strong></span> <span class='ocrx_word' id='word_1_260' title='bbox 1212 2609 1272 2664; x_wconf 89' lang='grc' dir='ltr'><strong><em>σε</em></strong></span> <span class='ocrx_word' id='word_1_261' title='bbox 1308 2612 1558 2676; x_wconf 83' lang='grc' dir='ltr'><strong><em>ποιῆσαι,</em></strong></span> <span class='ocrx_word' id='word_1_262' title='bbox 1602 2627 1643 2660; x_wconf 92' lang='grc' dir='ltr'><strong><em>ω</em></strong></span> <span class='ocrx_word' id='word_1_263' title='bbox 1686 2606 1879 2675; x_wconf 82' lang='grc' dir='ltr'><strong><em>ἑταῖρε,</em></strong></span> 
     </span>
     <span class='ocr_line' id='line_1_32' title="bbox 205 2687 1880 2761; baseline -0.003 -16"><span class='ocrx_word' id='word_1_264' title='bbox 205 2688 376 2746; x_wconf 76' lang='grc' dir='ltr'><strong><em>ταύτά</em></strong></span> <span class='ocrx_word' id='word_1_265' title='bbox 409 2692 528 2761; x_wconf 85' lang='grc' dir='ltr'><strong><em>ἐμοὶ</em></strong></span> <span class='ocrx_word' id='word_1_266' title='bbox 560 2694 766 2761; x_wconf 85' lang='grc' dir='ltr'><strong><em>λέγειν</em></strong></span> <span class='ocrx_word' id='word_1_267' title='bbox 813 2697 978 2759; x_wconf 82' lang='grc' dir='ltr'><strong><em>φίλον</em></strong></span> <span class='ocrx_word' id='word_1_268' title='bbox 1007 2691 1113 2760; x_wconf 89' lang='grc' dir='ltr'><strong><em>γάρ</em></strong></span> <span class='ocrx_word' id='word_1_269' title='bbox 1146 2708 1207 2745; x_wconf 91' lang='grc' dir='ltr'><strong><em>σε</em></strong></span> <span class='ocrx_word' id='word_1_270' title='bbox 1236 2687 1490 2760; x_wconf 80' lang='grc' dir='ltr'><strong><em>ἡγοῦμαι.</em></strong></span> <span class='ocrx_word' id='word_1_271' title='bbox 1530 2693 1638 2742; x_wconf 83' lang='grc' dir='ltr'><strong><em>νῦν</em></strong></span> <span class='ocrx_word' id='word_1_272' title='bbox 1659 2709 1758 2758; x_wconf 88' lang='grc' dir='ltr'><strong><em>μεν</em></strong></span> <span class='ocrx_word' id='word_1_273' title='bbox 1777 2689 1880 2742; x_wconf 82' lang='grc' dir='ltr'><strong><em>οὐν</em></strong></span> 
     </span>
     <span class='ocr_line' id='line_1_33' title="bbox 205 2766 1880 2844; baseline -0.004 -15"><span class='ocrx_word' id='word_1_274' title='bbox 205 2770 241 2828; x_wconf 72' lang='grc' dir='ltr'><em>ἃ</em></span> <span class='ocrx_word' id='word_1_275' title='bbox 272 2772 658 2844; x_wconf 83' lang='grc' dir='ltr'><strong><em>διαφερόμεθα</em></strong></span> <span class='ocrx_word' id='word_1_276' title='bbox 688 2769 844 2826; x_wconf 83' lang='grc' dir='ltr'><strong><em>ταῦτ’</em></strong></span> <span class='ocrx_word' id='word_1_277' title='bbox 883 2775 1019 2828; x_wconf 82' lang='grc' dir='ltr'><strong><em>ἐστί·</em></strong></span> <span class='ocrx_word' id='word_1_278' title='bbox 1059 2773 1253 2828; x_wconf 85' lang='grc' dir='ltr'><strong><em>σκόπει</em></strong></span> <span class='ocrx_word' id='word_1_279' title='bbox 1274 2771 1333 2827; x_wconf 89' lang='grc' dir='ltr'><strong><em>δε</em></strong></span> <span class='ocrx_word' id='word_1_280' title='bbox 1350 2771 1440 2826; x_wconf 85' lang='grc' dir='ltr'><strong><em>καὶ</em></strong></span> <span class='ocrx_word' id='word_1_281' title='bbox 1461 2769 1557 2823; x_wconf 86' lang='grc' dir='ltr'><strong><em>σύ·</em></strong></span> <span class='ocrx_word' id='word_1_282' title='bbox 1599 2768 1755 2824; x_wconf 82' lang='grc' dir='ltr'><strong><em>εἷπον</em></strong></span> <span class='ocrx_word' id='word_1_283' title='bbox 1776 2766 1880 2838; x_wconf 83' lang='grc' dir='ltr'><strong><em>ἐγώ</em></strong></span> 
     </span>
    </p>
   </div>
   <div class='ocr_carea' id='block_1_5' title="bbox 1923 2403 1962 3112">
    <p class='ocr_par' dir='ltr' id='par_1_12' title="bbox 1923 2403 1962 3112">
     <span class='ocr_line' id='line_1_34' title="bbox 1923 2403 1962 3112; baseline 0 0"><span class='ocrx_word' id='word_1_284' title='bbox 1923 2403 1962 3112; x_wconf 95' lang='lat' dir='ltr'><strong><em> </em></strong></span> 
     </span>
    </p>
   </div>
  </div>
 </body>
</html>
