2020 3094
175 153 276 205 106
436 207 446 209 ‚
777 154 1255 203 ΠΛΑΤῼΝΟΣ
1799 163 1848 205 18

173 294 280 359 ἔχει
294 330 308 355 ,
346 289 412 343 τὰ
433 291 490 344 δὲ
511 285 653 342 κακὰ
684 291 895 353 κακῶςς
932 286 1267 358 Συνεχῶρει.
1330 287 1472 352 Τοὺς
1493 286 1550 342 δὲ
1569 287 1772 352 καλούς
1790 309 1848 343 τε

173 368 462 441 κάγαθοὺς
475 367 757 440 ὁμολογεῖς
775 371 956 438 λέγειν
976 365 1047 432 ῶς
1065 373 1172 439 ἔχει
1189 366 1253 423 τοὶ
1275 367 1596 440 πράγματα;
1621 369 1849 441 Ὁμολο-

172 460 268 523 γῶ.
305 458 506 516 Κακῶς
524 450 659 521 ἄρα,
682 456 787 522 ἔφη
803 493 816 520 ,
837 454 1124 522 λέγουσιν,
1158 446 1200 506 ὦ
1222 452 1535 524 Κτήσιππε,
1576 456 1633 508 οἷ
1647 451 1849 522 ἀγαθοὶ

172 533 238 591 τά
269 535 442 606 κακά,
482 542 634 604 εἴπερ
666 532 738 599 ῶς
767 539 874 605 ἔχει
902 538 1140 603 λέγουσι.
1193 536 1307 589 Ναὶ
1337 533 1412 605 μά
1442 541 1580 603 Δία,
1616 530 1652 606 ἦ
1681 533 1734 590 δ’
1768 535 1846 605 ὅς,

174 619 393 689 σφόδρα
415 639 504 688 γε,
542 616 672 682 τοὺς
690 623 832 687 γοῦν
853 616 1060 681 κακοὺς
1086 614 1451 686 ἀνθρωπους·
1506 640 1587 673 ων
1616 618 1716 689 σύ,
1753 618 1850 672 ἐάν

111 732 115 740 ,
178 723 271 772 μοι
289 706 484 774 πείθῃ,
528 698 823 772 εὐλαβήσει
851 698 1018 768 εἶναι,
1053 702 1146 754 ἵνα
1174 699 1249 770 μή
1280 715 1340 754 σε
1361 703 1417 755 οἱ
1444 698 1647 770 ἀγαθοὶ
1665 706 1850 765 κακῶς

176 787 425 854 λέγωσιν.
484 781 557 848 ῶς
586 785 650 838 εὐ
673 781 782 838 ἰσθ’
805 781 890 839 ότι
918 788 1101 847 κακῶς
1131 787 1390 852 λέγουσιν
1414 786 1471 838 οἱ
1497 781 1702 854 ἀγαθοὶ
1719 781 1850 847 τούς

175 867 398 932 κακούς.
428 861 503 921 ςΗ
515 868 606 922 καὶ
624 863 756 930 τοὺς
774 865 1074 936 μεγάλους,
1105 862 1255 936 ἔφη
1233 886 1261 919 ο
1286 864 1557 937 Εὐθύδημ
1569 889 1647 936 ας,
1677 867 1850 937 μεγά-

175 956 283 1014 λως
301 952 524 1019 λέγουσι
545 948 635 1003 καὶ
654 945 784 1011 τοὺς
801 945 1048 1017 θερμοὺς
1064 955 1312 1019 θερμῶς;
1364 947 1620 1003 Μάλιστα
1651 947 1848 1019 δήπου,

176 1035 280 1102 ἔφη
308 1030 337 1086 ὁ
367 1031 713 1102 Κτήσιππος·
760 1029 892 1094 τούς
919 1036 1061 1100 γοῦν
1095 1029 1343 1102 ψυχροὺς
1378 1037 1601 1101 ψυχρῶς
1629 1032 1856 1100 λέγουσί

176 1136 232 1170 τε
250 1115 342 1170 καὶ
361 1115 497 1185 φασὶ
516 1115 883 1183 διαλέγεσθαι.
941 1110 1031 1167 Σὺ
1051 1117 1179 1183 μέν,
1219 1118 1325 1184 ἔφη
1348 1110 1376 1168 ὁ
1399 1113 1848 1183 Διονυσόδωρος,

175 1201 439 1268 λοιδορεῖ,
464 1190 508 1252 ὦ
526 1195 842 1267 Κτήσιππε,
864 1199 1115 1265 λοιδορεῖ.
1164 1194 1266 1251 Mo}
1286 1195 1379 1252 Δί’
1405 1195 1508 1252 οὐκ
1528 1201 1716 1268 ἔγωγε,
1735 1191 1771 1268 ἦ
1792 1195 1843 1252 δ’
1900 1247 1903 1249 ,

178 1278 268 1349 ὅς,
309 1273 354 1334 ῶ
372 1278 794 1348 Διονυσόδωρε,
833 1279 948 1333 ἐπεὶ
978 1285 1122 1347 φιλῶ
1142 1295 1228 1347 σε,
1268 1277 1407 1335 ἀλλά
1429 1287 1684 1335 νουθετῶ
1703 1278 1756 1334 σ’
1779 1277 1849 1344 ῶς

177 1363 423 1432 ἑταῖρον,
460 1361 552 1416 καὶ
581 1366 852 1431 πειρῶμαι
881 1365 1099 1416 πείθειν
1126 1363 1396 1433 μηδέποτε
1433 1364 1687 1418 ἐναντίον
1715 1365 1849 1433 ἐμοῦ

54 1458 145 1503 285
175 1442 351 1508 οὕτως
379 1442 650 1513 ἀγροίκως
678 1445 883 1513 λέγειν,
922 1442 1006 1498 ὅτι
1036 1442 1141 1514 ἐγω
1177 1444 1410 1509 τούτους
1439 1445 1712 1516 βούλομαι
1732 1447 1851 1511 ἐξο-

179 1528 413 1581 λωλέναι
426 1567 441 1596 ,
465 1521 562 1590 οὓς
581 1527 706 1594 περὶ
724 1530 983 1581 πλείστου
1003 1533 1278 1597 ποιοῦμαι.

318 1613 449 1663 XIII.
518 1605 653 1677 Ἐγῶ
692 1601 822 1678 οὖν,
874 1609 1058 1680 ἐπειδή
1101 1631 1194 1680 μοι
1232 1611 1467 1666 ἐδόκουν
1506 1607 1851 1680 ἀγριωτέρως

182 1689 322 1762 πρὸς
343 1689 615 1763 ἀλλήλους
634 1696 804 1761 ἔχειν,
836 1692 1201 1762 προσέπαιζόν
1217 1714 1275 1747 τε
1302 1691 1402 1747 τὸν
1418 1692 1744 1762 Κτήσιππον
1761 1692 1852 1748 καὶ

180 1773 336 1829 εἷπον
368 1774 453 1829 ότι
481 1768 547 1828 Ὦ
566 1773 882 1845 Κτήσιππε,
904 1775 1022 1845 ἐμοὶ
1040 1797 1141 1844 μεν
1161 1777 1316 1830 δοκεῖ
1326 1781 1525 1846 χρῆναι
1539 1770 1682 1845 ἡμᾶς
1700 1794 1848 1844 παρα

177 1863 289 1911 τῶν
311 1858 484 1922 ξένων
505 1853 799 1927 δέχεσθαι
781 1855 814 1912 οἱ
838 1860 1113 1928 λέγουσιν,
1135 1854 1234 1912 ἐαν
1253 1858 1485 1911 ἐθέλωσι
1507 1855 1738 1924 διδόναι,
1760 1855 1846 1911 καὶ

178 1937 252 2010 μὴ
274 1937 503 2010 ὀνόματι
522 1943 901 2011 διαφέρεσθαι.
957 1944 1008 1995 εἰ
1022 1937 1127 2010 γὰρ
1159 1941 1473 1993 ἐπίστανται
1502 1936 1680 2003 οὕτως
1698 1941 1848 2003 ἐξολύ

177 2022 343 2077 λύναι
359 2019 716 2092 ἀνθρώπους,
739 2019 860 2077 ὥστ’
883 2023 941 2077 ἐκ
960 2027 1222 2092 πονηρῶν
1240 2042 1298 2076 τε
1317 2022 1408 2077 καὶ
1429 2019 1697 2091 ἀφρόνων
1715 2043 1848 2092 χρη-

179 2105 343 2170 στούς
362 2126 421 2160 τε
442 2105 534 2160 καὶ
553 2107 834 2175 ἔμφρονας
853 2115 1056 2174 ποιεῖν,
1089 2105 1180 2159 καὶ
1200 2110 1363 2159 τοῦτο
1387 2110 1492 2159 εἴτε
1511 2101 1660 2158 αὐτῶ
1683 2102 1851 2174 εὑρή-

115 2205 149 2246 13
178 2207 349 2243 κατον
370 2194 475 2242 εἴτε
495 2189 584 2241 καὶ
605 2184 726 2258 παρ’
748 2187 922 2242 ἄλλου
950 2195 1052 2242 του
1083 2190 1355 2257 ἐμαθέτην
1375 2186 1599 2257 φθόρον
1617 2185 1740 2241 τινὰ
1759 2187 1852 2242 καὶ

179 2269 423 2339 ὄλεθρον
442 2275 725 2339 τοιοῦτον,
754 2268 891 2324 ὥστε
913 2267 1279 2334 ἀπολέσαντες
1298 2267 1545 2340 πονηρὸν
1564 2267 1698 2325 ὄντα
1717 2290 1851 2340 χρη-

179 2349 314 2407 στὸν
333 2351 501 2407 πάλιν
519 2350 829 2422 ἀποφῆναι·
866 2357 916 2407 εἰ
931 2357 1094 2407 τοῦτο
1125 2353 1464 2407 ἐπίστασθον
1481 2386 1552 2393 —-
1580 2355 1750 2422 δῆλον
1770 2354 1847 2421 δέ,

180 2433 265 2488 ὅτι
284 2436 621 2488 ἐπίστασθον
636 2454 646 2465 ·
682 2434 894 2505 ἐφάτην
911 2440 1054 2505 γοῦν
1072 2432 1174 2506 τὴν
1194 2437 1391 2506 τέχνην
1410 2440 1572 2505 σφῶν
1588 2431 1728 2488 εἶναι
1749 2430 1851 2504 τὴν

180 2517 375 2572 νεωστὶ
413 2514 723 2587 εὑρημένην
759 2514 1011 2586 ἀγαθοὺς
1046 2528 1224 2572 ποιεῖν
1258 2515 1390 2580 τοὺς
1426 2514 1764 2584 ἀνθρώπους
1792 2518 1850 2570 ἐκ

178 2603 442 2669 πονηρῶν
482 2632 544 2639 —-
577 2598 1024 2670 συγχωρήσωμεν
1061 2593 1166 2654 οὖν
1203 2597 1395 2654 αὐτοῖν
1431 2595 1592 2652 αὐτό·
1649 2595 1851 2652 ἀπολε-

176 2679 397 2736 σάντων
415 2677 549 2749 ἡμῖν
567 2676 628 2734 τὸ
651 2680 938 2750 μειράκιον
956 2683 1048 2738 καὶ
1068 2682 1344 2753 φρόνιμον
1363 2680 1730 2750 ποιησάντων,
1759 2681 1851 2736 καὶ

177 2760 429 2836 ἅπαντάς
448 2783 510 2831 γε
532 2759 674 2832 ἡμᾶς
691 2765 822 2826 τούς
849 2762 1066 2828 ἄλλους.
1124 2768 1173 2819 εἰ
1190 2763 1249 2819 δὲ
1269 2761 1422 2832 ὑμεῖς
1449 2764 1506 2816 oc
1520 2765 1636 2817 νέοι
1657 2767 1851 2833 φοβεῖ-

175 2851 284 2898 σθε
298 2884 311 2909 ,
351 2840 533 2908 ῶσπερ
573 2845 633 2898 ἐν
648 2845 793 2911 Καρὶ
829 2847 888 2899 ἐν
924 2846 1043 2915 ἐμοὶ
1079 2848 1216 2899 ἔστω
1236 2840 1264 2898 ὁ
1293 2846 1551 2908 κίνδυνος
1569 2865 1579 2877 ·
1634 2841 1706 2908 ὡς
1724 2842 1849 2913 ἐγώ,
