2020 3094
1555 0 1578 6 ··
1597 0 1603 3 ·
1632 2 1638 7 ”
1653 0 1726 25 '“Jff
1758 0 1876 27 ’Ἤτψ
1885 0 1970 23 >ms-²
1988 0 2020 24 Ἦ

233 161 336 212 112
440 207 447 209 ,
830 161 1314 211 ΠΛΑΤΩΝΟΣ
1851 173 1908 217 2-1

231 292 480 365 μένους’
449 299 593 365 ημᾶς
612 292 943 364 εὐδαίμονας
963 291 1129 360 εἶναι;
1174 292 1294 350 Οὐκ
1326 294 1502 366 οἶμαι,
1537 300 1670 367 ἐφη,
1707 295 1842 367 ἐγώ,
1880 295 1909 352 5

171 392 205 432 D
236 382 493 441 Κλεινίας
533 374 847 447 ὑπολαβών.
926 382 1048 431 Τίνι
1077 381 1379 451 τεκμηρίῳ,
1415 372 1488 448 ἦν
1519 378 1570 433 δ
1607 379 1741 450 ἐγώ,
1779 385 1910 452 χρῇς

225 459 394 560 Ὁρῶ,
431 464 564 531 ἔφη,
602 481 758 523 τινας
787 458 1147 529 λογοποιούς,
1186 463 1242 513 οἳ
1269 470 1381 522 τοῖς
1401 463 1558 525 ἰδίοις
1579 461 1789 532 λόγοις,
1830 466 1911 526 οἱς

232 540 389 597 αὐτοὶ
408 547 692 613 ποιοῦσιν,
715 539 819 597 οὐκ
839 545 1155 598 ἐπίστανται
1171 548 1442 613 χρῆσθαι,
1465 542 1649 614 ω’σπερ
1670 565 1720 599 οι
1709 546 1911 612 ’λυρο-

232 625 380 679 noco),
407 635 522 689 ταῖς
553 624 775 695 λύραις,
817 622 956 679 ἄλλα
977 626 1068 680 καὶ
1087 626 1332 680 ἐνταῦθα
1353 622 1511 681 α’λλοι
1531 628 1758 681 δυνατοὶ
1775 631 1911 696 χρῆ-

232 715 369 762 σθαι
392 704 471 772 οἷς
489 710 690 763 ἐκεῖνοι
708 707 1036 777 εἰργάσαντο
1050 749 1066 778 ,
1111 710 1167 762 οἰ
1190 713 1503 778 λογοποιεῖν
1522 707 1678 763 αὐτοὶ
1698 704 1911 762 ἀδύνα-

234 811 342 844 τοι·
382 794 553 860 δῆλον
590 784 696 845 οὐν
724 788 810 845 ὅτι
840 793 931 846 καὶ
961 791 1085 860 περὶ
1113 788 1316 860 λόγους
1344 791 1506 861 χωρὶς
1533 788 1567 862 ἡ
1605 797 1706 846 τοῦ
1732 801 1910 845 ποιεῖν

234 873 395 943 τέχνη
426 871 568 944 καὶὴ
600 879 702 928 τοῦ
728 880 985 945 χρῆσθαι.
1054 871 1269 930 Ἱκανόν
1288 895 1382 945 μοι
1402 878 1596 944 δοκεῖς,
1623 879 1766 944 ἔφην
1785 872 1908 943 ἐγώ,

233 955 530 1026 τεκμήριον
558 959 764 1027 λέγειν,
801 956 885 1013 ὅτι
913 955 1013 1028 οὐχ
1043 955 1182 1028 αὕτη
1214 957 1362 1012 ἐστὶν
1388 954 1422 1028 ἡ
1452 963 1566 1012 τῶν
1598 962 1911 1027 λογοποιῶν

233 1040 420 1109 τέχνη,
453 1036 526 1109 ἢν
554 1034 627 1094 ἂν
655 1039 998 1111 κτησάμενός
1026 1062 1107 1105 τις
1136 1038 1414 1111 εὐδαίμων
1451 1048 1549 1110 εἴη.
1589 1044 1767 1095 καίτοι
1802 1035 1906 1108 ε’γῶ

233 1119 392 1194 ᾆίμην
425 1122 675 1177 ἐνταῦθα
712 1142 823 1178 που
852 1123 1204 1194 φανήσεσθαι
1231 1119 1335 1192 τὴν
1371 1121 1705 1193 ἐπιστήμην,
1739 1118 1812 1192 ἣν
1841 1119 1907 1191 δὴ

159 1215 194 1256 Ε
232 1202 401 1259 πάλαι
430 1208 711 1275 ζητοῦμεν.
751 1206 845 1261 καὶ
872 1205 980 1276 γάρ
1011 1226 1104 1276 μοι
1134 1207 1261 1260 οἵτε
1280 1203 1478 1274 ἄνδρες
1497 1202 1654 1260 αὐτοὶ
1673 1207 1729 1259 oc
1745 1209 1910 1273 λογοο.

231 1291 407 1356 ποιοί,
450 1285 587 1342 ὅταν
606 1290 956 1357 συγγένωμαι
975 1284 1185 1358 αὐτοῖς,
1223 1284 1563 1357 ὑπέρσοφοι,
1603 1278 1647 1340 ῶ
1663 1290 1909 1356 Κλεινία,

233 1373 498 1425 δοκοῦσιν
515 1367 655 1425 εἶναι
669 1411 682 1437 ,
711 1370 803 1425 καὶ
827 1367 966 1440 αὐτὴ
988 1367 1022 1440 ἡ
1044 1374 1202 1441 τέχνη
1230 1367 1419 1424 αὐτῶν
1435 1372 1705 1424 θεσπεσία
1723 1389 1803 1433 τις
1821 1370 1911 1423 καὶ

231 1449 434 1524 ὑψηλή.
473 1452 563 1507 καὶ
590 1454 778 1523 μέντοι
810 1449 976 1507 οὐδὲν
1005 1451 1364 1523 θαυμαστόν·
1406 1455 1518 1507 ἔστι
1544 1448 1654 1522 γὰρ
1682 1457 1778 1522 τῆς
1797 1456 1910 1506 τῶν

232 1537 462 1608 ἐπῳδῶν
491 1536 681 1605 τέχνης
709 1533 909 1604 μόριον
938 1540 1154 1606 σμικρῷ
1185 1555 1243 1589 τε
1277 1535 1488 1605 ἐκείνης
1524 1530 1909 1601 ὑποδεεστέρα.

117 1627 206 1673 290
229 1615 261 1689 ἡ
281 1618 383 1688 μὲν
401 1615 507 1687 γὰρ
527 1624 639 1672 τῶν
658 1620 890 1690 ἐπῳδῶν
912 1617 1080 1688 ἔχεών
1099 1638 1157 1672 τε
1175 1617 1269 1672 καὶ
1289 1620 1613 1685 φαλαγγίων
1630 1616 1722 1671 καὶ
1741 1631 1911 1682 σκορ-

230 1706 374 1756 πίων
403 1702 494 1755 καὶ
521 1706 633 1756 τῶν
661 1698 849 1755 ἄλλων
867 1704 1087 1771 θηρίων
1106 1721 1163 1755 τε
1182 1699 1272 1755 καὶ
1293 1698 1481 1754 νόσων
1498 1699 1725 1770 κη’λησίς
1745 1701 1909 1769 ἐστιν,

228 1781 263 1854 ἡ
286 1782 345 1838 δὲ
365 1786 642 1838 δικαστῶν
659 1804 717 1838 τε
744 1783 835 1838 καὶ
854 1784 1263 1853 ἐκκλησιαστῶν
1289 1785 1380 1838 καὶ
1399 1789 1512 1838 τῶν
1529 1781 1715 1838 ἄλλων
1733 1780 1911 1853 ὄχλων

229 1865 456 1937 κήλησίς
483 1887 540 1920 τε
565 1866 657 1921 καὶ
685 1871 1015 1936 παραμυθία
1046 1864 1305 1935 τυγχάνει
1340 1858 1507 1920 οὐσα·
1543 1864 1581 1936 ἤ
1616 1881 1728 1935 σοι,
1768 1869 1911 1935 ἔφην

229 1947 365 2018 ἐγώ,
410 1946 588 2011 ἄλλως
625 1968 740 2012 πως
780 1951 956 2015 δοκεῖς
992 1946 1142 2019 Οὔκ,
1183 1945 1306 2003 ἀλλ’
1338 1946 1485 2003 οὕτω
1513 1969 1606 2018 μοι
1639 1953 1910 2018 φαίνεται,

229 2035 362 2102 ἔφη,
403 2027 476 2095 ὡς
493 2027 563 2092 σύ
584 2031 773 2100 λέγεις.
847 2036 961 2086 Ποῖ
980 2023 1112 2100 οὐν,
1151 2035 1294 2103 ἔφην
1313 2031 1423 2102 ἐγώ
1434 2073 1449 2102 ,
1487 2029 1819 2103 τραποίμεθ’
1840 2026 1911 2085 ἂν

230 2119 336 2182 ἔτη
373 2114 461 2169 ἐπὶ
481 2117 648 2168 ποίαν
667 2115 891 2184 τέχνην;
924 2110 1058 2183 Ἐγῶ
1080 2114 1182 2185 μὲν
1200 2112 1305 2170 οὐκ
1325 2112 1564 2186 εὐπορῶ,
1586 2119 1708 2185 ἔφη.
1743 2111 1909 2185 Ἀλλ’,

227 2191 303 2268 ’ἦν
322 2194 377 2252 δ’
407 2196 541 2267 ε’γῶ,
581 2195 672 2266 ἐμὲ
693 2194 842 2267 οἶμαι
860 2194 1168 2268 εὑρηκέναι.
1250 2204 1417 2267 Τίνας
1454 2202 1558 2270 ἔφη
1589 2195 1618 2254 5
1636 2203 1906 2262 Κλεινίας.
1995 2231 2003 2258 1

168 2292 202 2333 B
223 2277 293 2334 ‘H
309 2279 640 2352 στρατηγική
658 2301 752 2350 μοι
772 2283 946 2350 δοκεῖ,
978 2284 1122 2351 ἔφην
1139 2281 1265 2353 ἐγώ,
1286 2284 1445 2353 τέχνη
1471 2277 1677 2345 παντὸς
1698 2285 1909 2351 μᾶλλον

232 2361 400 2432 εἶναι,
439 2359 512 2433 ἣν
539 2361 720 2427 ἄν’τις
749 2362 1091 2434 κτησάμενος
1111 2361 1391 2435 εὐδαίμων
1415 2370 1513 2434 εἴη.
1587 2360 1707 2419 Οὐκ
1726 2365 1909 2433 ἔμοιγε
1985 2371 2011 2414 ἴς

231 2449 396 2500 δοκεῖ.
450 2451 609 2513 Πῶςς
643 2438 718 2516 ἦν
737 2442 788 2500 δ’
812 2446 933 2516 ἐγώ.
995 2445 1302 2518 Θηρευτική
1322 2468 1401 2510 τις
1418 2443 1516 2517 ἥδε
1534 2448 1603 2516 γέ
1615 2446 1728 2501 ἐστι
1746 2450 1908 2516 τέχνη
1998 2447 2009 2521 ‘f

229 2525 565 2595 ἀνθρώπων.
627 2533 695 2582 Τί
710 2524 777 2599 δὴ
805 2520 938 2595 οὖν;
978 2532 1120 2600 ἔφην
1145 2527 1267 2599 ἐγώ.
1327 2525 1600 2599 Οὐδεμία,
1645 2531 1776 2599 ἔφη,
1813 2533 1909 2599 τῆς
1987 2532 2008 2585 s

228 2615 564 2681 θηρευτικῆς
586 2607 758 2681 αὐτῆς
783 2611 870 2666 ἐπὶ
899 2615 1070 2667 πλέον
1098 2614 1244 2669 ἐστὶν
1272 2608 1309 2683 ἢ
1339 2611 1476 2668 ὅσον
1503 2619 1780 2683 θηρεῦσαι
1815 2614 1908 2668 καὶ

229 2690 630 2793 χειρώσασθαι·
668 2691 895 2748 ἐπειδαν
924 2692 983 2750 δε
1010 2695 1384 2766 χειρώσωνται
1412 2700 1604 2763 τοῦτο,
1645 2691 1677 2749 5
1704 2716 1777 2750 αν
1796 2702 1907 2766 θη·
1992 2705 2003 2764 ..¹¹

230 2773 518 2846 ρεύωνται,
540 2772 610 2830 οὐ
629 2774 897 2831 δύνανται
913 2778 1093 2832 τούτω
1113 2784 1372 2849 χρῆσθαι,
1392 2774 1516 2833 αλλ’
1539 2780 1596 2833 oc
1610 2779 1712 2848 μὲν
1730 2799 1906 2849 κυνη-
1983 2766 2001 2843 37*

226 2855 379 2925 γέται
396 2859 487 2915 καὶ
507 2859 564 2913 οἰ
577 2854 746 2923 ἁλιεῖς
763 2870 876 2923 τοῖς
896 2855 1185 2926 ὀψοποιοῖς
1203 2859 1635 2930 παραδιδόασιν,
1675 2863 1732 2915 οἱ
1757 2857 1808 2915 δ’
1833 2852 1903 2914 αὐ

1997 1838 2020 2255 Ἢᾎῑωμ.
