1962 3112
11 86 14 90 ’
43 70 70 125 ·?
138 113 196 162 οε,
467 71 474 77 ’Δ
790 106 1170 155 ΓοΡιἿΑΣ.
1715 105 1821 159 283

136 244 362 316 βλέπων
388 239 529 312 πρός
554 261 637 308 τις
674 237 862 310 ὥσπερ
883 241 975 295 καὶ
1002 242 1061 294 οἰ
1086 236 1245 295 ἄλλοι
1261 240 1464 306 πάντες
1493 243 1815 312 δημιουργοὶ
1852 248 1890 292 Ε

137 325 435 396 βλέποντες
450 318 591 393 πρὸς
607 318 669 377 τὸ
692 317 878 376 αὐτῶν
898 323 1064 390 ἔργον
1081 321 1309 386 ἕκαστος
1327 319 1431 378 οῦκ
1452 327 1574 395 εἰκῇ
1591 323 1820 394 ἐκλεγό-

137 425 305 474 μενος
333 404 638 475 προσφέρει
667 399 702 457 ὁὶ
732 405 1037 473 προσφέρει
1063 402 1206 470 πρὸς
1239 402 1301 459 τὸ
1330 408 1496 475 ἔργον
1531 403 1593 460 τὸ
1623 402 1816 476 αὑτοῦ,

135 482 253 542 ἀλλ’
274 482 426 550 ὅπως
444 481 517 539 ἂν
546 482 692 549 εἶδός
720 505 773 539 τι
801 481 951 557 αὐτῷ
973 489 1075 557 σχῇ
1101 489 1265 538 τοῦτο
1299 481 1330 538 ὃ
1360 483 1653 554 ἐργάζεται.
1695 479 1818 540 οἷον

138 572 189 624 εἰ
205 567 401 639 βούλει
423 571 562 622 ἰδεῖν
579 565 711 630 τούς
741 565 1096 636 ζωγράφους,
1134 565 1268 631 τοὺς
1288 566 1646 637 οἰκοδόμους,
1683 565 1819 631 τοὺς

134 648 488 719 ναυπηγούς,
528 647 660 712 τοῦς
697 644 901 711 ἄλλους
935 646 1145 711 πάντας
1181 647 1580 719 δημιουργούς,
1619 647 1818 704 ὅντινα

134 731 330 803 βούλει
358 726 572 799 αὐτῶν,
612 727 684 793 ὥς
713 734 789 794 εἰς
816 729 973 794 τάξιν
999 728 1123 784 τινὰ
1144 731 1373 795 ἕκαστος
1401 732 1634 786 ἕκαστον
1653 736 1819 801 τίθη-

133 828 226 867 σιν
254 809 288 867 ὃ
318 807 392 866 ἂν
420 818 582 883 τιθῇ,
621 813 711 866 καὶ
741 811 1179 881 προσαναγκάζει
1212 811 1271 866 τό
1315 813 1506 882 ἕτερον
1540 817 1618 885 τῷ
1649 812 1813 884 ἑτέρῳ

131 897 348 965 πρέπον
377 916 435 950 τε
466 893 608 949 εἶναι
634 896 726 950 καὶ
757 892 1076 965 ἁρμόττειν,
1116 895 1219 958 ἕως
1249 889 1324 948 οἲν
1341 891 1402 949 τὸ
1432 891 1583 948 ἅπαν
1603 893 1811 964 συστή-
1843 912 1929 957 504

133 995 290 1048 σηται
319 980 656 1048 τεταγμένον
687 999 744 1032 τε
773 978 866 1033 καὶ
893 981 1311 1049 κεκοσμημένον
1340 982 1592 1048 πρᾶγμα·
1640 977 1731 1032 καὶ
1763 978 1821 1032 οἵ

138 1079 192 1113 τε
217 1057 284 1130 δὴ
305 1057 467 1114 ἄλλοι
485 1060 812 1129 δημιουργοὶ
830 1060 924 1114 καὶ
944 1055 1044 1123 οὓς
1064 1065 1176 1114 νῦν
1196 1057 1262 1129 δὴ
1285 1061 1570 1129 ἐλέγομεν,
1610 1061 1668 1113 οἱ
1691 1056 1818 1127 περὶ

129 1138 195 1195 τὸ
230 1146 415 1210 σῶμα,
452 1143 803 1211 παιδοτρίβαι
839 1162 899 1195 τε
930 1142 1022 1196 καὶ
1053 1145 1237 1210 ἰατροί
1241 1185 1257 1211 ,
1294 1145 1573 1211 κοσμοῦσί
1602 1158 1714 1194 που
1750 1136 1812 1193 τὸ

132 1227 290 1292 σῶμα
309 1223 401 1278 καὶ
419 1223 839 1279 συντάττουσιν.
904 1221 1290 1294 ὁμολογοῦμεν
1322 1222 1471 1279 οὕτω
1498 1220 1641 1279 τοῦτ’
1667 1226 1812 1293 ἔχειν

127 1300 164 1375 ἦ
193 1302 288 1368 οῦς

279 1392 446 1442 ΚΑΛ.
480 1387 659 1443 ’Ἑστω
677 1396 842 1446 τοῦτο
864 1388 1056 1455 οὕτως.

275 1476 398 1527 ΣΩ.
448 1470 666 1537 Τάξεως
694 1470 802 1540 ἄρα
834 1473 925 1528 καὶ
943 1472 1161 1543 κόσμου
1178 1478 1422 1543 τυχοῦσα
1443 1475 1588 1527 οἰκία
1606 1466 1812 1542 χρηστὴ

130 1549 203 1610 ἄν
221 1563 303 1625 εἰη
316 1597 332 1624 ,
358 1552 579 1620 α’ταξίας
598 1554 658 1610 δὲ
677 1555 962 1625 μοχθηρά;

269 1640 440 1692 ΚΑΛ.
480 1641 643 1707 Φημί.

269 1723 394 1774 ΣΩ.
435 1715 666 1774 Οὐκοῦν
684 1722 775 1774 καὶ
795 1726 992 1776 πλοῖον
1013 1718 1304 1786 ὦσαύτως;

269 1805 440 1857 ΚΑΛ.
486 1806 615 1856 Ναί.
1842 1818 1875 1860 Β

270 1887 396 1939 ΣΩ.
433 1883 544 1938 Καὶ
563 1881 676 1953 μὴν
698 1881 874 1939 καὶτὰ
895 1884 1125 1956 σώματά
1146 1882 1332 1955 φαμεν
1349 1881 1416 1940 τὰ
1437 1880 1706 1954 ἡμετερας
1865 1922 1868 1927 .

271 1971 444 2021 ΚΑΛ.
482 1965 648 2020 Πάνυ
665 1986 743 2036 γε.

270 2053 395 2104 ΣΩ.
438 2051 509 2103 Τί
525 2045 577 2102 δ’
599 2045 633 2118 ἡ
657 2049 835 2120 ψυχή;
872 2048 1094 2116 ἀταξίας
1122 2055 1370 2121 τυχοῦσα
1402 2053 1553 2104 ἔσται
1582 2045 1810 2119 χρηστή,

127 2128 164 2202 ἢ
185 2129 385 2196 τάξεώς
404 2150 462 2185 τε
482 2131 572 2185 καὶ
592 2129 809 2201 κόσμου
829 2132 1011 2199 τινός;

268 2216 440 2268 ΚΑΛ.
493 2210 729 2284 Ἀνάγκη
761 2215 822 2270 ἐκ
853 2219 967 2269 τῶν
999 2214 1218 2285 πρόσθε
1250 2216 1342 2270 καὶ
1372 2219 1538 2268 τοῦτο
1566 2229 1812 2283 συνομο-

130 2303 332 2367 λογεῖν.

271 2383 395 2434 ΣΩ.
438 2383 508 2434 Τι’
523 2371 629 2433 οὖν
646 2377 825 2449 ὄνομά
846 2382 995 2435 ἐστιν
1016 2381 1077 2434 ἐν
1095 2383 1175 2451 τῷ
1195 2378 1404 2449 σώματι
1423 2382 1497 2452 τῷ
1518 2378 1578 2433 ἐκ
1595 2381 1692 2448 τῆς
1708 2375 1814 2432 τά·-

131 2461 262 2527 ξεῶς
281 2482 337 2516 τε
358 2463 564 2516 καὶτοῦ
584 2460 798 2532 κόσμου
820 2462 1160 2533 γιγνομένῳς

269 2548 439 2599 ΚΑΛ.
489 2541 725 2614 ’Τγίειαν
743 2545 834 2599 καὶ
853 2541 1019 2615 ἰσχύν
1042 2551 1172 2607 ἴσως
1193 2544 1381 2614 λέγεις.

270 2630 392 2684 ΣΩ.
420 2625 646 2697 ’Έγωγέ
680 2631 734 2681 τί
756 2629 813 2681 δὲ
831 2620 905 2681 αὖ
923 2632 999 2701 τῷ
1019 2628 1078 2682 ἐν
1096 2632 1161 2698 τῇ
1186 2633 1331 2699 ψυχῇ
1351 2627 1721 2700 ἐγγιγνομένφ
1744 2628 1803 2681 ἐκ
1843 2643 1873 2685 c

130 2714 225 2778 τῆς
243 2708 444 2774 τάξεως
462 2710 674 2764 καὶτοῦ
694 2709 937 2780 κόσμους
976 2714 1146 2779 πειρῶ
1179 2706 1366 2780 εὑρεῖν
1384 2711 1475 2767 καὶ
1505 2714 1678 2767 εἰπεῖν
1704 2707 1749 2765 ἄν’
1753 2731 1810 2774 ς-

133 2811 233 2859 περ
257 2791 433 2846 ἐκεῖνο
456 2788 518 2846 τὸ
537 2790 729 2862 ὄνομα.
