2020 3094
250 130 321 183 84
861 130 1340 180 ΠΛΑΤΩΝΟΣ

252 262 444 320 ποιοϊτ’
462 261 534 320 ἂν
556 264 736 332 οἶνον,
771 274 921 334 εἴπερ
942 272 1105 321 τοῦτο
1126 262 1308 335 ἡγοῖτο
1328 263 1425 319 τὸν
1446 263 1570 319 υίὸν
1590 263 1816 332 σώσεινς
1859 272 1926 320 Τί

254 347 391 417 ιιήνς
431 350 550 417 ἔφη.
611 346 838 402 Οὐκοῦν
867 350 957 402 καὶ
985 345 1045 402 τὸ
1079 346 1328 418 ἀγγεῖον,
1366 347 1428 401 ἐν
1458 338 1506 418 ᾦ
1523 344 1552 401 ὁ
1583 345 1731 411 οἶνος
1749 349 1920 417 ἐνείη;

250 427 416 483 Πάνυ
435 449 512 497 γε.
543 422 650 495 Ἆρ’
675 421 780 483 οὖν
799 431 920 484 τότε
942 427 1108 485 οὐδὲν
1126 430 1250 498 περὶ
1269 433 1523 493 πλείονος
1543 441 1796 498 ποιεῖται,
1818 429 1922 484 κύ-

251 516 376 565 λικα
397 513 672 614 κεραμέαν
689 505 725 580 ἦ
745 509 843 564 τὸν
862 511 990 566 υίὸν
1010 511 1109 566 τὸν
1128 507 1328 580 αὑτοῦ,
1368 507 1499 565 οὐδὲ
1517 521 1661 580 τρεῖς
1687 510 1922 574 κοτύλας

251 599 409 646 οἴνου
427 587 464 661 ἦ
482 589 581 646 τὸν
601 592 755 658 υιόν;
792 588 829 663 ἦ
850 586 961 648 οἶδε’
971 614 1085 657 πως
1103 597 1234 662 ἔχει·
1267 597 1416 646 πᾶσα
1446 588 1480 663 ἡ
1503 591 1726 663 τοιαύτη
1747 610 1920 648 σπου-

251 672 316 743 δὴ
340 669 443 728 οὐκ
473 675 559 727 ἐπὶ
585 672 801 738 τούτοις
823 674 971 730 ἐστὶν
999 675 1443 744 ἐσπουδασμένη,
1486 675 1574 729 ἐπὶ
1609 685 1721 738 τοῖς
1756 674 1919 729 ἕνεκά

246 775 347 807 του
368 756 961 825 παρασκευαζομένοις,
985 752 1097 809 ἀλλ’
1118 751 1199 810 ἐπ’
1217 756 1436 828 ἐκείνῳ,
1461 747 1532 809 οὗ
1551 756 1712 809 ἕνεκα
1741 755 1921 810 πάντα

133 843 220 886 220
249 832 313 889 τὰ
338 843 564 890 τοιαῦτα
595 837 1077 905 παρασκευάζεται.
1136 834 1235 905 οὐχ
1267 835 1351 890 ὅτι
1380 834 1644 902 πολλάκις
1673 838 1919 906 λέγομεν,

250 913 322 981 ὡς
349 919 473 986 περὶ
502 923 711 972 πολλοῦ
739 917 1052 1015 ποιούμεθα
1081 921 1312 987 χρυσίον
1331 920 1419 972 καὶ
1449 915 1743 987 ἀργύριον·
1782 916 1921 973 ἀλλὰ

246 995 318 1066 μὴ
350 995 517 1052 οὐδέν
545 1019 596 1052 τι
624 1004 837 1068 μαλλον
866 998 1014 1054 ου’τω
1043 1000 1106 1054 τό
1134 1021 1196 1069 γε
1227 998 1470 1069 ἄληθες’
1450 1003 1568 1071 ε’χη·
1605 997 1718 1054 ἀλλ’
1741 999 1919 1055 ἐκεῖνό

246 1080 395 1132 ἐστιν
416 1074 449 1132 ὃ
468 1079 590 1147 περὶ
608 1077 812 1143 παντὸς
831 1081 1171 1150 ποιούμεθα,
1193 1078 1222 1136 ὃ
1241 1078 1312 1135 ἄν
1331 1102 1481 1151 φανη
1502 1080 1586 1149 ὅν,
1608 1079 1740 1136 ὅτου
1759 1082 1915 1136 ἕνεκα

246 1159 338 1213 καὶ
356 1163 586 1228 χρυσίον
605 1161 694 1216 καὶ
719 1160 900 1216 πάντα
928 1184 993 1216 τα
1020 1163 1540 1233 παρασκευαζόμενα
1566 1180 1918 1232 παρασκευα-

210 1314 213 1316 ‚
247 1243 402 1304 ζεται.
460 1237 545 1308 ἀρ’
567 1237 712 1296 οὕτω
750 1244 1030 1314 φήσομεν;
1077 1244 1244 1298 Ποὲνυ
1272 1266 1351 1313 γε.
1407 1241 1633 1299 Οὐκοῦν
1671 1245 1762 1299 καὶ
1797 1245 1919 1313 περὶ

246 1325 348 1375 τοῦ
367 1326 536 1391 φίλου
554 1320 581 1375 ὁ
604 1320 770 1388 αὐτὸς
790 1324 979 1393 λόγος;
1019 1322 1122 1380 ὅσα
1142 1323 1250 1395 γάρ
1270 1347 1454 1396 φαμεν
1468 1330 1602 1395 φίλα
1629 1323 1768 1380 εἶναι
1786 1322 1920 1396 ἡμῖν

187 1417 220 1458 Β
251 1403 413 1457 ἕνεκα
427 1407 594 1472 φίλου
604 1403 753 1468 τινὸς
775 1407 980 1475 ἑτέρου,
1007 1405 1203 1476 ῥήματι
1216 1407 1533 1478 φαινόμεθα
1552 1410 1799 1478 λέγοντες
1815 1405 1919 1461 αὐ-

246 1483 310 1538 τό
326 1504 338 1514 ·
373 1491 539 1554 φίλον
556 1486 614 1541 δὲ
634 1492 709 1556 τῷ
732 1485 854 1543 ὅντι
872 1488 1191 1543 κινδυνεύει
1211 1492 1386 1545 ἐκεῖνο
1414 1488 1550 1545 αὐτὸ
1584 1489 1749 1558 εἶναι,
1791 1494 1865 1554 εἰς
1889 1485 1918 1544 ὃ

245 1571 418 1620 πᾶσαι
438 1559 600 1622 αὗται
620 1571 681 1623 αἱ
696 1569 987 1640 λεγόμεναι
1009 1579 1185 1640 φιλίαι
1204 1579 1544 1628 τελευτῶσιν.
1587 1572 1919 1627 Κινδυνεύει

246 1646 449 1719 οὕτως,
469 1652 575 1720 ἔφη
589 1692 602 1719 ,
625 1655 782 1721 ἒχειν.
827 1649 1056 1708 Οὐκοῦν
1074 1654 1138 1710 τό
1158 1676 1219 1724 γε
1244 1660 1318 1728 τῷ
1340 1653 1459 1710 ὄντι
1479 1659 1646 1724 φίλον
1665 1651 1732 1709 οὐ
1752 1659 1919 1724 φίλου

245 1728 362 1785 τινὸ
370 1753 395 1795 ς
414 1731 576 1786 ἕνεκα
597 1737 765 1802 φίλον
783 1736 956 1801 ἐστίν;
991 1732 1211 1808 Ἀληθῆ.

385 1819 541 1870 XV11.
621 1820 798 1871 Τοῦτο
828 1820 930 1887 μὲν
958 1817 1024 1888 δὴ
1057 1815 1424 1888 ἀπήλλακται,
1461 1816 1533 1889 μὴ
1568 1824 1736 1889 φίλου
1772 1817 1920 1883 τινὸς

244 1897 406 1969 ἕνεκα
424 1896 484 1952 τὸ
508 1902 673 1967 φίλον
692 1905 858 1969 φίλον
880 1899 1044 1956 εἶναι’
1084 1899 1197 1956 ἀλλ’
1220 1895 1328 1968 ἆρα
1357 1900 1417 1956 τὸ
1450 1898 1671 1971 ἀγαθόν
1691 1903 1803 1955 ἐστι
1825 1906 1920 1971 φί-

245 1986 373 2047 λους
397 1978 620 2050 ’Ἐμοιγε
644 1984 807 2036 δοκεῖ.
852 1975 955 2051 Ἆρ’
977 1977 1081 2038 οὖν
1102 1980 1192 2038 διὰ
1223 1981 1283 2038 τὸ
1307 1981 1481 2038 κακὸν
1501 1983 1561 2039 τὸ
1583 1981 1804 2054 ἀγαθὸν
1824 2006 1919 2054 φικ

183 2079 214 2122 c
246 2068 432 2133 λεῖται,
455 2066 545 2118 καὶ
565 2067 671 2135 ε”χει
695 2058 801 2120 ὦδε
818 2087 828 2096 ·
868 2070 919 2121 εἰ
934 2072 1103 2135 τριῶν
1123 2064 1302 2121 ὅντων
1324 2058 1404 2121 οἷν
1425 2071 1534 2120 νῦν
1555 2065 1620 2137 δὴ
1642 2068 1917 2136 ἐλέγομεν,

245 2143 472 2215 ἀγαθοῦ
489 2147 579 2202 καὶ
606 2154 785 2203 κακοῦ
814 2150 906 2204 καὶ
926 2149 1061 2220 μήτε
1084 2147 1307 2220 ἀγαθοῦ
1337 2150 1470 2220 μήτε
1489 2155 1693 2217 κακοῦ,
1731 2147 1795 2202 τὰ
1819 2147 1918 2203 δύο

245 2233 519 2300 λειφθείη,
534 2227 594 2284 τὸ
620 2230 677 2286 δε
696 2229 873 2286 κακὸν
893 2230 1146 2288 ἐκποδών
1164 2230 1398 2286 απέλθοι
1417 2235 1507 2286 καὶ
1526 2230 1808 2301 μηδενός’
1782 2253 1920 2331 εφα-

244 2330 431 2366 πτοιτο
452 2312 589 2382 μήτε
610 2313 862 2384 σώματος
881 2314 1014 2385 μήτε
1032 2320 1208 2386 ψυχῆς
1237 2314 1371 2385 μήτε
1400 2321 1512 2369 τῶν
1533 2313 1743 2384 αλλων,
1786 2311 1821 2368 ὁὶ
1850 2312 1917 2384 δή

246 2412 433 2462 φαμεν
456 2391 598 2449 αὕτα
619 2394 744 2451 καθ’
768 2395 909 2452 αὑτα
932 2397 1059 2452 οὔτε
1079 2418 1218 2451 κακα
1252 2394 1391 2450 εἶναι
1412 2394 1534 2451 οὔτ’
1556 2393 1772 2466 αγαθα,
1810 2399 1918 2466 ἀρα

244 2473 370 2529 τότε
389 2474 614 2533 ούδεν’
589 2476 660 2533 α“ν
678 2478 809 2550 ἡμιν
828 2481 1099 2552 χρήσιμον
1118 2486 1199 2548 εἴη
1222 2474 1281 2532 τὸ
1323 2476 1570 2546 ἀγαθόν,
1609 2475 1722 2533 ἀλλ’
1746 2477 1918 2550 ἄχρη-

245 2571 378 2611 στον
396 2553 468 2612 ὄίν
484 2560 715 2628 γεγονὸς
734 2571 842 2633 εἰἠ;
879 2568 929 2619 εἰ
944 2561 1051 2633 γὰρ
1072 2560 1244 2633 μηδὲν
1262 2558 1406 2631 ἡμᾶς
1435 2565 1512 2615 ἔτι
1534 2561 1768 2631 βλάπτοι
1782 2604 1795 2630 ,
1818 2560 1917 2616 ού-

182 2651 217 2692 Ι)
248 2641 343 2694 δὲν
362 2635 435 2695 ἂν
454 2638 714 2711 οὐδεμιᾶς
735 2642 1003 2715 ὠφελείας
1025 2649 1316 2715 δεοίμεθα,
1337 2645 1425 2699 καὶ
1446 2641 1590 2698 οὕτω
1614 2643 1679 2714 δὴ
1701 2640 1773 2699 ἄν
1795 2645 1916 2700 τότε

244 2723 459 2792 γένοιτο
481 2725 794 2797 κατάδηλον
808 2770 821 2795 ,
844 2726 929 2781 ὅτι
949 2727 1038 2782 διὰ
1058 2725 1119 2783 τὸ
1144 2724 1321 2782 κακὸν
1340 2724 1595 2795 τάγαθὸν
1615 2725 1918 2798 ἠγαπώμεν

244 2805 333 2860 καὶ
353 2806 668 2878 ἐφιλοῦμεν,
691 2805 762 2872 ὡς
782 2809 1077 2879 φάρμακον
1100 2807 1167 2865 ὂν
1186 2816 1287 2865 τοῦ
1304 2816 1482 2864 κακοῦ
1501 2807 1561 2865 τὸ
1584 2807 1830 2882 ἀγαθόν,
1853 2809 1914 2865 τὸ
