1962 3112
0 0 976 43 W.'B⁴”WW“”³VU*WJ
985 0 1172 31 estfflsszff-
1233 0 1238 4 ·
1258 0 1300 10 ’ψ
1314 0 1349 30 -5

68 135 127 179 δὲ
715 127 766 174 Γ
774 125 818 176 0
834 126 965 174 ΡΓΙ
972 127 1022 174 Α
1030 127 1090 175 Σ.
1270 121 1274 124 ’
1631 134 1634 137 “
1649 125 1753 178 253

73 264 264 332 λέγειν.
322 256 356 315 ὂ
379 258 446 332 δὴ
478 260 567 315 καὶ
599 259 670 314 σύ
699 266 863 315 τοῦτο
893 258 953 315 τὸ
988 277 1171 331 σοφον
1200 260 1622 331 κατανενοηκώς
1650 284 1756 316 κα-

75 355 329 415 κουργεῖς
357 345 419 399 ἐν
449 354 561 407 τοῖς
590 341 802 413 λόγοις,
853 342 954 397 ε’ἀν
981 345 1084 414 μέν
1115 365 1195 408 τις
1224 342 1360 398 κατὰ
1391 343 1568 414 νόμον
1598 347 1747 418 λέγῃ,

72 424 211 483 κατὰ
238 426 414 498 φύσιν
443 424 773 495 ὑπερωτῶν,
810 422 909 481 ε’ἀν
941 425 1000 481 δὲ
1028 423 1094 480 τὰ
1134 431 1230 497 τῆς
1259 428 1508 498 φύσεως,
1548 428 1614 482 τά
1647 433 1750 483 τοῦ

74 509 264 580 νόμου.
319 507 505 578 ὥσπερ
536 506 734 563 αὐτίκα
763 510 824 562 ἐν
856 507 1100 579 τούτοις,
1138 515 1218 581 τῷ
1247 507 1457 566 ἀδικεῖν
1476 532 1534 566 τε
1564 512 1748 585 καὶτῷ

70 590 408 662 ἀδικεῖσθαι,
428 592 634 647 Πώλου
668 591 729 647 τὸ
764 589 902 646 κατὰ
932 590 1107 661 νόμον
1140 600 1354 662 αἴσχιον
1384 597 1656 666 λέγοντος,
1679 594 1750 650 σὺ

74 672 172 730 τὸν
191 674 366 745 νόμον
393 674 697 738 ἐδιώκαθες
737 673 874 728 κατά
910 674 1099 743 φύσιν.
1154 674 1323 744 φύσει
1358 677 1460 746 μὲν
1494 676 1599 748 γάρ
1636 684 1750 733 πᾶν

73 756 290 826 αἴσχιόν
307 759 455 813 ἐστιν
474 755 608 827 ὅπερ
630 758 719 813 καὶ
739 756 952 827 κάκιον,
972 755 1034 812 τὸ
1064 755 1405 830 ἀδικεῖσθαι,
1427 760 1583 834 νόμῳ
1607 762 1666 817 δὲ
1685 760 1746 818 τό

72 837 299 896 ἀδικεῖν.
356 838 487 896 οὐδὲ
515 838 623 911 γὰρ
654 838 859 911 ἀνδρὸς
887 842 1055 896 τοῦτό
1076 838 1122 912 γ’
1155 843 1263 897 ἐστὶ
1287 840 1348 897 τὸ
1382 843 1645 914 πάθημα,
1683 842 1745 899 τὸ
1781 853 1812 894 Β

69 922 409 994 ἀδικεῖσθαι,
430 922 543 980 ἀλλ’
568 922 929 994 ἀνδραπόδου
947 925 1122 996 τινός,
1163 918 1210 999 ᾦ
1238 926 1488 993 κρεῖττόν
1526 928 1638 982 ἐστι
1662 949 1751 982 τε-

77 1006 286 1061 θνάναι
316 1003 353 1077 ἦ
372 1011 497 1080 ζῇν,
528 1005 677 1072 ὅστις
699 1005 1065 1078 ἀδικούμενος
1092 1009 1182 1064 καὶ
1211 1009 1751 1081 προπηλακιζόμενος

71 1088 146 1160 μὴ
170 1084 351 1145 οἶόστε
390 1091 538 1146 ἐστὶν
573 1089 740 1156 αὐτὸς
775 1088 925 1164 αὑτῷ
959 1098 1192 1163 βοηθεῖν
1228 1093 1364 1164 μηδὲ
1401 1091 1550 1148 ἄλλοι
1580 1086 1652 1148 οὗ
1679 1089 1752 1149 ἂν

71 1172 319 1244 κήδηται.
366 1171 502 1243 ἀλλ’,
526 1173 702 1244 οἶμαι,
734 1177 791 1230 ol*
806 1176 1088 1246 τιθέμενοι
1112 1173 1247 1240 τούς
1266 1175 1477 1246 νόμους
1497 1178 1556 1231 oc
1571 1174 1749 1232 ἀσθε-

71 1267 183 1319 νεῖς
211 1254 512 1324 ἄνθρωποί
534 1262 636 1312 εἰσι
667 1259 756 1313 καὶ
788 1260 844 1312 οἶ
868 1262 1077 1313 πολλοί.
1132 1255 1273 1326 πρὸς
1300 1254 1506 1321 αὑτούς
1525 1251 1632 1313 οὖν
1657 1259 1748 1314 καὶ

72 1341 132 1394 τὸ
170 1338 358 1405 αὑτοῖς
395 1345 685 1412 συμφέρον
720 1342 852 1406 τούς
874 1363 931 1397 τε
969 1341 1177 1411 νόμους
1214 1345 1462 1395 τίθενται
1497 1341 1587 1396 καὶ
1615 1339 1744 1406 τούς

76 1426 338 1488 ἐπαίνους
356 1426 642 1479 ἐπαινοῦσι
659 1423 896 1490 καὶτοὺς
914 1423 1123 1493 ψόγους
1135 1427 1417 1493 ψέγουσιν,
1432 1423 1749 1495 ἐκφοβοῦν-

77 1527 165 1570 τες
182 1504 313 1571 τούς
334 1509 843 1577 ἐρρωμενεστέρους
871 1513 985 1562 τῶν
1009 1504 1334 1575 ἀνθρώπων
1363 1507 1454 1560 καὶ
1474 1505 1750 1572 δυνατοὺς

76 1589 240 1655 ὄντας
258 1592 427 1645 πλέον
446 1594 613 1660 ἔχειν,
655 1594 746 1645 ἵνα
770 1588 843 1662 μὴ
864 1588 1053 1645 αὐτῶν
1081 1590 1254 1644 πλέον
1269 1592 1492 1659 ἔχωσιν,
1533 1592 1752 1659 [λέγου-

76 1677 186 1741 σιν]
209 1669 280 1735 ὡς
299 1672 527 1743 αἰσχρὸν
544 1676 632 1729 καὶ
654 1673 852 1729 ἄδικον
869 1674 930 1728 τὸ
953 1680 1320 1741 πλεονεκτεῖν,
1340 1673 1431 1727 καὶ
1451 1678 1614 1727 τοῦτο
1636 1677 1744 1728 ε”στι

74 1753 135 1810 τό
161 1753 399 1826 ἀδικεῖν,
439 1753 499 1810 τὸ
533 1758 701 1811 πλέον
731 1762 845 1812 τῶν
873 1756 1064 1812 ἄλλων
1095 1761 1271 1827 ζητεῖν
1289 1759 1455 1826 ἔχειν·
1492 1753 1747 1825 ἀγαπῶσι

74 1837 211 1910 γάρ,
229 1836 394 1907 οἶμαι,
422 1835 575 1893 αὐτοὶ
596 1835 667 1893 ἀν
686 1836 745 1894 τό
770 1847 892 1895 ἶσον
914 1845 1074 1910 ἔχωσι
1095 1839 1431 1909 φαυλότεροι
1454 1838 1623 1904 ὄντες.

211 1926 439 1976 xxxix.
516 1920 625 1977 Διά
655 1930 825 1978 ταῦτα
856 1920 921 1994 δὴ
954 1922 1106 1995 νόμῳ
1137 1924 1240 1992 μὲν
1258 1929 1422 1978 τοῦτο
1443 1922 1635 1979 ἄδικον
1654 1925 1746 1979 καὶ

74 2001 304 2074 αἰσχρὸν
322 2006 558 2074 λέγεται,
597 2002 658 2059 τὸ
682 2009 850 2061 πλέον
871 2010 1047 2077 ζητεῖν
1067 2011 1208 2076 ἔχειν
1227 2010 1340 2059 τῶν
1361 2012 1584 2061 πολλῶν
1598 2048 1612 2074 ,
1651 2006 1743 2062 καὶ

75 2084 288 2142 ἀδικεῖν
306 2084 441 2142 αὐτὸ
467 2094 760 2143 καλοῦσιν·
802 2087 834 2159 ἡ
859 2089 921 2144 δέ
936 2110 997 2158 γε
1014 2131 1027 2158 ,
1053 2087 1229 2158 οἶμαι,
1253 2087 1422 2157 φύσις
1442 2085 1580 2159 αὐτὴ
1603 2086 1746 2144 ἀπο·
1773 2095 1807 2137 D

75 2175 261 2240 φαίνει
291 2168 458 2239 αὐτό,
499 2171 582 2226 ὅτι
614 2173 830 2228 δίκαιόν
870 2176 979 2227 ἐστι
1010 2169 1110 2227 τὸν
1135 2170 1340 2241 ἀμείνω
1370 2176 1471 2226 τοῦ
1499 2177 1746 2241 χείρονος

64 2254 240 2309 ’πλέον
260 2257 400 2324 ἔχειν
421 2256 510 2309 καὶ
530 2252 627 2309 τόν
646 2255 1030 2323 δυνατώτερον
1052 2260 1152 2311 τοῦ
1172 2252 1609 2322 ἀδυνατωτέρου.
1645 2257 1748 2326 δη-

78 2342 171 2392 λοῖ
184 2336 241 2392 δὲ
261 2343 432 2391 ταῦτα
455 2343 734 2407 πολλαχοῦ
754 2334 837 2392 ὅτι
865 2336 1043 2402 οὕτως
1073 2341 1179 2409 ἔχει
1194 2379 1207 2405 ,
1237 2338 1326 2392 καὶ
1349 2338 1410 2392 ἐν
1428 2347 1540 2400 τοῖς
1559 2333 1746 2402 ἄλλοις

77 2419 235 2485 ζώοις
262 2420 352 2475 καὶ
389 2426 499 2474 τῶν
529 2418 851 2487 ἀνθρώπων
878 2422 939 2475 ἐν
969 2418 1121 2484 ὅλαις
1149 2430 1265 2485 ταῖς
1294 2419 1488 2475 πόλεσι
1515 2420 1606 2475 καὶ
1635 2430 1746 2485 τοῖς

74 2503 320 2572 γένεσιν,
363 2499 446 2556 ὅτι
467 2500 614 2556 οὕτω
644 2500 703 2556 τό
736 2506 950 2558 δίκαιον
970 2505 1238 2572 κέκριται,
1275 2500 1377 2558 τὸν
1399 2508 1624 2574 κρείττω
1645 2509 1745 2558 τοῦ

76 2581 300 2654 ἥττονος
321 2582 509 2656 ἄρχειν
530 2586 617 2640 καὶ
639 2586 808 2640 πλέον
830 2590 983 2656 ἔχειν.
1025 2588 1139 2641 ἐπεὶ
1161 2589 1298 2659 ποίῳ
1319 2588 1510 2655 δικαίῳ
1531 2585 1747 2657 χρώμε-

78 2686 173 2730 νος
189 2670 391 2738 Ξέρξης
412 2671 491 2723 ἐπὶ
517 2668 619 2738 τὴν
633 2667 863 2724 Ἐλλάδα
883 2670 1243 2738 ἐστράτευσεν
1262 2666 1297 2740 ἦ
1317 2666 1347 2725 ὁ
1369 2666 1546 2741 πατὴρ
1568 2666 1741 2723 αὐτοῦ
1775 2681 1807 2722 E

75 2748 159 2802 ἐπὶ
181 2748 414 2815 Σκύθας
432 2746 468 2822 ἦ
486 2784 555 2793 -
577 2749 715 2806 ἄλλα
746 2756 916 2822 μυρία
937 2751 1008 2807 ἄν
1039 2776 1118 2819 τις
1149 2757 1260 2823 ἔχοι
1289 2758 1516 2809 τοιαῦτα
1535 2754 1716 2823 λέγειν
1731 2771 1744 2783 ·

78 2827 211 2899 ἀλλ’,
251 2829 426 2903 οἶμαι,
465 2826 620 2889 οὗτοι
659 2834 795 2890 uate}
834 2835 1009 2904 φύσιν
1046 2834 1146 2906 τὴν
1185 2842 1285 2890 τοῦ
1325 2838 1541 2891 δικαίου
1575 2839 1746 2888 ταῦτα

1780 1431 1811 1473 0
