2020 3094
261 0 910 29 flvmrszvf'fm-JWTJ
940 0 963 14 “·”
988 0 1040 25 μ’]
1061 3 1066 7 ”
1091 0 1113 14 Γ

155 155 213 198 23
420 152 426 157 “
727 147 1272 196 ΕΥΘΥΔΗΜΟΣ.
1733 146 1832 199 111

156 283 564 351 φιλοσοφητέον
585 277 1020 351 ὡμολογήσαμεν
1037 286 1425 345 τελευτῶντες·
1463 272 1500 351 ἦ
1527 280 1663 352 γάρ,
1698 286 1829 351 Ναί,

154 358 189 435 ἦ
210 361 263 418 δ’
281 361 359 427 ὅς.
386 359 456 417 Ἠ
474 364 537 419 δέ
550 384 614 434 γε
636 368 939 434 φιλοσοφία
957 367 1144 433 κτῆσις
1162 362 1481 461 ἐπιστήμης·
1504 360 1604 434 οὐχ
1624 361 1830 429 οὕτως;

151 451 310 518 ἔφην.
370 452 511 515 Ναί,
555 450 676 516 ἔφη.
738 451 875 501 Τίνα
894 443 1017 500 ποτ’
1041 438 1147 501 οὖν
1164 468 1237 500 αν
1254 444 1587 517 κτησάμενοι
1606 445 1833 518 ἐπιστή-

149 551 262 600 μην
290 527 478 598 όρθως
503 533 873 599 κτησαίμεθα;
905 521 998 598 αρ’
1034 525 1284 583 οὔτοῦτο
1304 551 1406 599 μεν
1426 526 1670 599 ἁπλοῦν,
1704 527 1830 601 ἥτις
1860 543 1894 583 Ε

152 609 293 681 ἡμᾶς
322 609 540 681 ὀνήσεις
573 609 740 664 Πάνυ
768 606 846 678 γ’,
888 612 1008 680 ἔφη.
1069 603 1186 681 Αρ’
1217 603 1322 666 οὖν
1351 610 1425 665 άν
1454 634 1505 666 τι
1532 608 1676 682 ἡμᾶς
1693 609 1831 683 ὀνή-

150 711 325 763 σειεν,
365 699 414 749 εἰ
439 696 799 762 ἐπισταίμεθα
826 710 1157 761 γιγνωσκειν
1186 693 1515 765 περιιόντες,
1551 693 1699 749 ὅπου
1734 700 1832 764 τῆς

147 781 247 847 γῆς
264 781 496 847 χρυσίον
514 783 772 831 πλεῖστον
790 775 1235 844 κατορώρυκταις
1276 775 1459 846 Ἴσως,
1495 780 1619 848 ἔφη.
1666 774 1829 832 Ἀλλά

147 854 209 911 τό
232 856 534 927 πρότερον,
553 851 627 928 ἦν
646 855 697 911 δ’
722 857 849 927 ἐγώ,
870 857 1038 913 τοῦτό
1053 879 1116 927 γε
1134 860 1520 930 ἐξηλέγξαμεν,
1555 858 1642 914 ὅτι
1660 857 1830 915 οὐδὲν

146 942 332 1010 πλέον,
354 939 480 996 οὐδ’
501 945 552 995 εἰ
577 939 714 995 ἄνευ
732 939 1072 1011 πραγμάτων
1094 942 1186 996 καὶ
1204 948 1308 997 τοῦ
1325 939 1581 1011 ὀρύττειν
1600 941 1705 1013 τὴν
1722 947 1830 1013 γῆν

146 1025 205 1078 τό
235 1030 350 1078 πᾶν
377 1020 509 1094 ἡμῖν
538 1027 768 1093 χρυσίον
801 1025 1042 1092 γένοιτο·
1084 1022 1223 1080 ὥστε
1252 1023 1379 1081 οὐδ’
1412 1030 1463 1082 εἰ
1498 1022 1595 1090 τὰς
1630 1027 1830 1095 πέτρας

146 1110 352 1175 χρυσᾶς
371 1108 730 1175 ἐπισταίμεθα
748 1116 953 1176 ποιεῖν,
994 1106 1226 1172 οὐδενὸς
1252 1104 1324 1163 ἄν
1354 1106 1476 1174 άξία
1506 1106 1540 1179 ἡ
1563 1107 1828 1178 ἐπιστήμη
1856 1116 1942 1162 289

145 1196 229 1257 εἴη
242 1209 253 1219 ·
286 1192 339 1243 εἰ
352 1186 459 1258 γὰρ
479 1185 553 1258 μὴ
574 1189 667 1243 καὶ
685 1194 929 1258 χρῆσθαι
953 1190 1363 1262 ἐπιστησόμεθα
1380 1198 1458 1265 τῷ
1475 1195 1702 1263 χρυσίῳ,
1724 1188 1826 1246 ού-

144 1270 240 1325 δὲν
267 1269 471 1340 ὄφελος
497 1268 632 1325 αὐτὸ
665 1270 842 1341 ἐφάνη
874 1271 970 1327 ὅν·
1007 1268 1046 1343 ἦ
1075 1272 1144 1329 οὐ
1182 1277 1484 1345 μέμνησαι;
1518 1277 1662 1344 ἔφην
1700 1272 1823 1343 ἐγώ.

145 1352 306 1409 Πάνυ
324 1351 399 1424 γ’,
439 1358 564 1424 ἔφη,
585 1356 876 1425 μέμνημαι.
953 1353 1106 1411 Οὐδέ
1119 1378 1183 1427 γε
1197 1399 1211 1427 ,
1256 1354 1329 1422 ὡς
1349 1362 1491 1413 ἔοικε
1507 1399 1520 1425 ,
1541 1362 1638 1427 τῆς
1657 1355 1827 1427 ἄλλης

141 1436 440 1508 ἐπιστήμης
474 1435 676 1507 ὄφελος
721 1442 965 1508 γίγνεται
1003 1435 1197 1509 οὐδέν,
1237 1438 1367 1495 οὔτε
1403 1445 1826 1510 χρηματιστικῆς

142 1517 271 1574 οὔτε
291 1523 535 1591 ἰατρικῆς
553 1518 681 1575 οὔτε
702 1519 871 1591 ἄλλης
889 1518 1169 1591 οὐδεμιᾶς,
1191 1519 1309 1593 ἥτις
1327 1533 1510 1578 ποιεῖν
1528 1543 1580 1576 τι
1599 1523 1825 1577 ἐπίστα-

141 1623 245 1671 ται,
281 1608 524 1673 χρῆσθαι
552 1603 611 1657 δὲ
639 1599 713 1673 μὴ
746 1595 794 1676 ᾦ
821 1598 894 1657 ἂν
921 1605 1151 1677 ποιήσῃ·
1192 1602 1294 1675 οὐχ
1331 1603 1533 1669 οὕτως;
1570 1604 1822 1674 Συνέφη.

142 1682 296 1741 Οὐδέ
307 1706 373 1752 γε
394 1693 447 1740 εἰ
471 1708 552 1750 τις
578 1689 727 1740 ἔστιν
755 1685 1050 1757 ἐπιστήμη,
1090 1685 1228 1742 ὥστε
1266 1685 1588 1752 ἀθανάτους
1625 1698 1821 1756 ποιεῖν,
1850 1698 1882 1739 Β

140 1765 279 1822 ἄνευ
297 1775 398 1823 τοῦ
416 1769 742 1823 ἐπίστασθαι
760 1774 826 1840 τῇ
846 1766 1129 1842 ἀθανασίᾳ
1148 1776 1418 1841 χρῆσθαι,
1460 1767 1592 1825 οὐδὲ
1621 1770 1825 1840 ταύτης

139 1854 319 1906 ἔοικεν
337 1849 538 1920 ὄφελος
556 1847 724 1905 οὐδὲν
740 1850 898 1922 εἶναι,
917 1856 969 1908 εί
984 1864 1096 1916 τοῖς
1108 1852 1362 1920 πρόσθεν
1379 1852 1825 1925 ὡμολογημένοις

138 1938 530 2004 τεκμαίρεσθαι
550 1937 646 1988 δεῖ.
693 1935 998 1991 Συνεδόκει
1019 1932 1151 2007 ἡμῖν
1171 1935 1352 1991 πάντα
1371 1942 1558 1992 ταῦτα.
1617 1937 1824 1992 Τοιαύ-

138 2038 232 2087 της
249 2014 401 2080 τινός
420 2013 528 2086 ἄρα
544 2011 678 2087 ἡμῖν
694 2017 992 2089 ἐπιστήμης
1013 2021 1120 2089 δεῖ,
1153 2012 1199 2073 ὦ
1217 2019 1349 2075 καλὲ
1370 2031 1493 2088 παῖ,
1524 2013 1596 2091 ἦν
1618 2018 1669 2075 δ’
1691 2019 1820 2091 ἐγώ,

138 2101 200 2154 ἐν
233 2092 274 2171 ᾗ
307 2100 705 2170 συμπέπτωκεν
741 2098 855 2171 ἅμα
891 2101 955 2157 τό
994 2122 1052 2155 τε
1082 2112 1260 2156 ποιεῖν
1288 2103 1379 2157 καὶ
1407 2100 1468 2157 τὸ
1492 2104 1821 2158 ἐπίστασθαι

142 2187 384 2252 χρῆσθαι
403 2179 608 2254 τούτῳ,
645 2178 677 2238 ὃ
695 2177 768 2237 ἂν
790 2188 935 2255 ποιῇ.
973 2187 1263 2254 Φαίνεται,
1300 2188 1421 2255 ἔφη.
1461 2190 1689 2240 Πολλοῦ
1708 2183 1819 2255 ἄρα

137 2266 245 2332 δεῖ,
265 2260 360 2331 ,ὥς
388 2268 593 2327 ἔοικεν,
629 2261 773 2335 ἡμᾶς
802 2263 1139 2334 λυροποιοὺς
1159 2270 1276 2321 δεῖν
1298 2265 1437 2322 εἶναι
1455 2269 1545 2323 καὶ
1563 2267 1820 2339 τοιαύτης

137 2345 286 2410 τινὸς
306 2346 603 2417 ἐπιστήμης
623 2347 947 2419 ἐπηβόλους.
986 2350 1236 2404 ἐνταῦθα
1269 2346 1376 2418 γὰρ
1397 2349 1462 2419 δὴ
1483 2352 1647 2420 χωρὶς
1664 2348 1816 2421 μὲνὴ
1847 2363 1878 2407 G

134 2434 371 2485 ποιοῦσα
391 2430 551 2500 τέχνη
565 2473 578 2496 ,
610 2433 772 2501 χωρὶς
792 2429 903 2502 δὲὴ
927 2434 1179 2502 χρωμένη
1193 2473 1207 2500 ,
1242 2431 1495 2503 διῄρηται
1514 2432 1572 2490 δὲ
1591 2440 1693 2489 τοῦ
1712 2432 1813 2490 αὐ-

134 2518 236 2568 τοῦ
253 2514 401 2581 πέρι·
443 2511 476 2583 ἡ
508 2511 614 2582 γάρ
645 2511 972 2584 λυροποιικὴ
994 2511 1135 2585 καὶὴ
1155 2513 1507 2586 κιθαριστικὴ
1529 2515 1674 2572 πολὺ
1696 2520 1819 2572 δια-·

135 2597 372 2664 φέρετον
389 2594 656 2666 ἀλλήλοιν
670 2619 680 2630 ·
703 2595 803 2667 οὐχ
825 2595 1031 2663 οὕτως;
1053 2597 1300 2668 Συνέφη.
1346 2595 1495 2654 Οὐδὲ
1513 2596 1627 2670 μὴν
1646 2597 1817 2655 αὐλο-

137 2683 352 2749 ποιικῆς
368 2699 430 2747 γε
451 2683 622 2749 δῆλον
641 2679 726 2735 ὅτι
745 2680 990 2751 δεόμεθα
1005 2699 1017 2710 ·
1055 2683 1144 2736 καὶ
1163 2678 1269 2750 γαρ
1291 2679 1431 2753 αὕτη
1451 2682 1606 2752 ἑτέρα
1625 2679 1818 2738 τοιαύ-

138 2781 219 2830 τη.
257 2761 579 2817 Συνεδόκει.
615 2760 775 2818 Ἀλλά
800 2760 940 2832 πρὸς
958 2769 1130 2832 θεῶν,
1153 2768 1296 2835 ἔφην
1316 2764 1441 2835 ἐγώ,
1466 2769 1516 2820 εἰ
1532 2763 1632 2836 τὴν
1648 2769 1816 2837 λογο-

135 2840 358 2914 κοιικήν
379 2845 577 2915 τέχνην
597 2845 894 2917 μάθοιμεν,
918 2838 1027 2916 ἆρά
1048 2850 1197 2903 ἐστιν
1224 2846 1380 2919 αὕτη,
1402 2844 1475 2919 ἣν
1493 2851 1602 2903 ἔδει
1622 2869 1814 2919 κεκτη-
