<?xml version="1.0" encoding="UTF-8"?>
<!DOCTYPE html PUBLIC "-//W3C//DTD XHTML 1.0 Transitional//EN"
    "http://www.w3.org/TR/xhtml1/DTD/xhtml1-transitional.dtd">
<html xmlns="http://www.w3.org/1999/xhtml" xml:lang="en" lang="en">
 <head>
  <title>
</title>
<meta http-equiv="Content-Type" content="text/html;charset=utf-8" />
  <meta name='ocr-system' content='tesseract 3.04.00' />
  <meta name='ocr-capabilities' content='ocr_page ocr_carea ocr_par ocr_line ocrx_word'/>
</head>
<body>
  <div class='ocr_page' id='page_1' title='image "./dialogisecumdumt03platuoft_0364.png"; bbox 0 0 1962 3112; ppageno 0'>
   <div class='ocr_carea' id='block_1_1' title="bbox 189 143 1861 198">
    <p class='ocr_par' dir='ltr' id='par_1_1' title="bbox 189 143 1861 198">
     <span class='ocr_line' id='line_1_1' title="bbox 189 143 1861 198; baseline -0.005 0"><span class='ocrx_word' id='word_1_1' title='bbox 189 144 295 198; x_wconf 84' lang='lat'><em>330</em></span> <span class='ocrx_word' id='word_1_2' title='bbox 801 143 1276 191; x_wconf 74' lang='grc' dir='ltr'><em>ΠΛΑΤῼΝΟΣ</em></span> <span class='ocrx_word' id='word_1_3' title='bbox 1778 146 1861 191; x_wconf 78' lang='lat'><em>132</em></span> 
     </span>
    </p>
   </div>
   <div class='ocr_carea' id='block_1_2' title="bbox 131 275 1861 1329">
    <p class='ocr_par' dir='ltr' id='par_1_2' title="bbox 337 275 1069 347">
     <span class='ocr_line' id='line_1_2' title="bbox 337 275 1069 347; baseline -0.01 -11"><span class='ocrx_word' id='word_1_4' title='bbox 337 285 515 335; x_wconf 89' lang='grc' dir='ltr'><em>ΜΕΝ</em></span> <span class='ocrx_word' id='word_1_5' title='bbox 565 275 684 334; x_wconf 84' lang='grc' dir='ltr'><em>Οὐκ</em></span> <span class='ocrx_word' id='word_1_6' title='bbox 704 280 884 347; x_wconf 81' lang='grc' dir='ltr'><em>ἔμοιγε</em></span> <span class='ocrx_word' id='word_1_7' title='bbox 906 278 1069 330; x_wconf 85' lang='grc' dir='ltr'><em>δοκεῖ.</em></span> 
     </span>
    </p>

    <p class='ocr_par' dir='ltr' id='par_1_3' title="bbox 131 353 1860 675">
     <span class='ocr_line' id='line_1_3' title="bbox 131 353 1860 430; baseline -0.005 -12"><span class='ocrx_word' id='word_1_8' title='bbox 131 369 166 410; x_wconf 91' lang='lat' dir='ltr'>D</span> <span class='ocrx_word' id='word_1_9' title='bbox 332 367 454 417; x_wconf 72' lang='grc' dir='ltr'><em>ΣΩ.</em></span> <span class='ocrx_word' id='word_1_10' title='bbox 495 364 569 416; x_wconf 81' lang='grc' dir='ltr'><em>Εἰ</em></span> <span class='ocrx_word' id='word_1_11' title='bbox 580 360 689 430; x_wconf 79' lang='grc' dir='ltr'><em>γαρ</em></span> <span class='ocrx_word' id='word_1_12' title='bbox 709 360 798 413; x_wconf 84' lang='grc' dir='ltr'><em>καὶ</em></span> <span class='ocrx_word' id='word_1_13' title='bbox 817 362 1116 428; x_wconf 82' lang='grc' dir='ltr'><em>μέμνησαι,</em></span> <span class='ocrx_word' id='word_1_14' title='bbox 1150 353 1224 412; x_wconf 81' lang='grc' dir='ltr'><em>ὅτ’</em></span> <span class='ocrx_word' id='word_1_15' title='bbox 1246 356 1352 427; x_wconf 76' lang='grc' dir='ltr'><em>ἐγώ</em></span> <span class='ocrx_word' id='word_1_16' title='bbox 1373 372 1460 412; x_wconf 91' lang='grc' dir='ltr'><em>σοι</em></span> <span class='ocrx_word' id='word_1_17' title='bbox 1479 353 1860 425; x_wconf 72' lang='grc' dir='ltr'><em>ἀπεκρινάμην</em></span> 
     </span>
     <span class='ocr_line' id='line_1_4' title="bbox 194 435 1848 514; baseline -0.005 -16"><span class='ocrx_word' id='word_1_18' title='bbox 194 444 316 514; x_wconf 89' lang='grc' dir='ltr'><em>περὶ</em></span> <span class='ocrx_word' id='word_1_19' title='bbox 334 448 433 497; x_wconf 87' lang='grc' dir='ltr'><em>τοῦ</em></span> <span class='ocrx_word' id='word_1_20' title='bbox 453 440 748 512; x_wconf 83' lang='grc' dir='ltr'><em>σχήματος,</em></span> <span class='ocrx_word' id='word_1_21' title='bbox 792 438 1172 510; x_wconf 75' lang='grc' dir='ltr'><em>οἷπεβοῖλλομέν</em></span> <span class='ocrx_word' id='word_1_22' title='bbox 1191 458 1301 494; x_wconf 88' lang='grc' dir='ltr'><em>που</em></span> <span class='ocrx_word' id='word_1_23' title='bbox 1320 437 1422 510; x_wconf 80' lang='grc' dir='ltr'><em>τὴν</em></span> <span class='ocrx_word' id='word_1_24' title='bbox 1440 439 1698 509; x_wconf 81' lang='grc' dir='ltr'><em>τοιαύτην</em></span> <span class='ocrx_word' id='word_1_25' title='bbox 1719 435 1848 492; x_wconf 77' lang='grc' dir='ltr'><em>ἀπό-</em></span> 
     </span>
     <span class='ocr_line' id='line_1_5' title="bbox 195 516 1858 593; baseline -0.004 -14"><span class='ocrx_word' id='word_1_26' title='bbox 195 541 379 592; x_wconf 84' lang='grc' dir='ltr'><em>κρισιν</em></span> <span class='ocrx_word' id='word_1_27' title='bbox 409 520 511 593; x_wconf 84' lang='grc' dir='ltr'><em>τὴν</em></span> <span class='ocrx_word' id='word_1_28' title='bbox 533 520 622 577; x_wconf 74' lang='grc' dir='ltr'><em>διὰ</em></span> <span class='ocrx_word' id='word_1_29' title='bbox 652 528 764 576; x_wconf 75' lang='grc' dir='ltr'><em>τῶν</em></span> <span class='ocrx_word' id='word_1_30' title='bbox 790 524 867 575; x_wconf 84' lang='grc' dir='ltr'><em>ἔτι</em></span> <span class='ocrx_word' id='word_1_31' title='bbox 898 522 1246 591; x_wconf 81' lang='grc' dir='ltr'><em>ζητουμένων</em></span> <span class='ocrx_word' id='word_1_32' title='bbox 1273 521 1363 576; x_wconf 84' lang='grc' dir='ltr'><em>καὶ</em></span> <span class='ocrx_word' id='word_1_33' title='bbox 1391 519 1554 590; x_wconf 83' lang='grc' dir='ltr'><em>μήπω</em></span> <span class='ocrx_word' id='word_1_34' title='bbox 1577 516 1858 589; x_wconf 79' lang='grc' dir='ltr'><em>ὡμολογη-</em></span> 
     </span>
     <span class='ocr_line' id='line_1_6' title="bbox 193 601 1212 675; baseline -0.003 -16"><span class='ocrx_word' id='word_1_35' title='bbox 193 609 375 675; x_wconf 89' lang='grc' dir='ltr'><em>μένων</em></span> <span class='ocrx_word' id='word_1_36' title='bbox 395 608 776 675; x_wconf 83' lang='grc' dir='ltr'><em>ἐπιχειροῦσαν</em></span> <span class='ocrx_word' id='word_1_37' title='bbox 796 601 1212 670; x_wconf 74' lang='grc' dir='ltr'><em>ἀποκρίνεσθαι.</em></span> 
     </span>
    </p>

    <p class='ocr_par' dir='ltr' id='par_1_4' title="bbox 333 679 1774 755">
     <span class='ocr_line' id='line_1_7' title="bbox 333 679 1774 755; baseline -0.004 -14.949"><span class='ocrx_word' id='word_1_38' title='bbox 333 692 517 742; x_wconf 85' lang='grc' dir='ltr'><strong>Μ.ΕΝ</strong></span> <span class='ocrx_word' id='word_1_39' title='bbox 557 686 666 741; x_wconf 87' lang='grc' dir='ltr'><em>Καὶ</em></span> <span class='ocrx_word' id='word_1_40' title='bbox 684 683 871 754; x_wconf 83' lang='grc' dir='ltr'><em>όρθως</em></span> <span class='ocrx_word' id='word_1_41' title='bbox 889 705 950 753; x_wconf 92' lang='grc' dir='ltr'><em>γε</em></span> <span class='ocrx_word' id='word_1_42' title='bbox 970 681 1379 755; x_wconf 79' lang='grc' dir='ltr'><em>ἄπεβάλλομεν,</em></span> <span class='ocrx_word' id='word_1_43' title='bbox 1404 705 1445 736; x_wconf 91' lang='grc' dir='ltr'><em>ω</em></span> <span class='ocrx_word' id='word_1_44' title='bbox 1470 679 1774 751; x_wconf 76' lang='grc' dir='ltr'><em>Σώκρατες.</em></span> 
     </span>
    </p>

    <p class='ocr_par' dir='ltr' id='par_1_5' title="bbox 193 761 1861 1005">
     <span class='ocr_line' id='line_1_8' title="bbox 332 761 1861 868; baseline -0.005 -45"><span class='ocrx_word' id='word_1_45' title='bbox 332 773 456 823; x_wconf 71' lang='grc' dir='ltr'><em>ΣΩ.</em></span> <span class='ocrx_word' id='word_1_46' title='bbox 497 765 597 868; x_wconf 79' lang='grc' dir='ltr'><em>Μη</em></span> <span class='ocrx_word' id='word_1_47' title='bbox 619 771 837 835; x_wconf 86' lang='grc' dir='ltr'><em>τοίνυν,</em></span> <span class='ocrx_word' id='word_1_48' title='bbox 877 768 918 820; x_wconf 83' lang='grc' dir='ltr'><em>ὠ</em></span> <span class='ocrx_word' id='word_1_49' title='bbox 941 764 1151 835; x_wconf 76' lang='grc' dir='ltr'><em>ἄριστε,</em></span> <span class='ocrx_word' id='word_1_50' title='bbox 1193 763 1328 835; x_wconf 91' lang='grc' dir='ltr'><em>μηδε</em></span> <span class='ocrx_word' id='word_1_51' title='bbox 1347 761 1419 819; x_wconf 80' lang='grc' dir='ltr'><strong><em>σύ</em></strong></span> <span class='ocrx_word' id='word_1_52' title='bbox 1441 768 1516 820; x_wconf 81' lang='grc' dir='ltr'><em>ἔτι</em></span> <span class='ocrx_word' id='word_1_53' title='bbox 1534 764 1861 834; x_wconf 81' lang='grc' dir='ltr'><em>ζητουμένης</em></span> 
     </span>
     <span class='ocr_line' id='line_1_9' title="bbox 193 845 1860 922; baseline -0.004 -15"><span class='ocrx_word' id='word_1_54' title='bbox 193 852 388 922; x_wconf 73' lang='grc' dir='ltr'><em>ἀρετῆς</em></span> <span class='ocrx_word' id='word_1_55' title='bbox 417 850 546 922; x_wconf 84' lang='grc' dir='ltr'><em>ὅλης</em></span> <span class='ocrx_word' id='word_1_56' title='bbox 566 849 597 906; x_wconf 89' lang='lat'><em>3</em></span> <span class='ocrx_word' id='word_1_57' title='bbox 616 873 666 905; x_wconf 89' lang='grc' dir='ltr'><em>τι</em></span> <span class='ocrx_word' id='word_1_58' title='bbox 686 854 835 905; x_wconf 84' lang='grc' dir='ltr'><em>ἔστιν</em></span> <span class='ocrx_word' id='word_1_59' title='bbox 855 857 978 905; x_wconf 78' lang='grc' dir='ltr'><em>οἵου</em></span> <span class='ocrx_word' id='word_1_60' title='bbox 1010 846 1098 904; x_wconf 79' lang='grc' dir='ltr'><em>δια</em></span> <span class='ocrx_word' id='word_1_61' title='bbox 1130 853 1243 903; x_wconf 76' lang='grc' dir='ltr'><em>τῶν</em></span> <span class='ocrx_word' id='word_1_62' title='bbox 1261 848 1462 918; x_wconf 81' lang='grc' dir='ltr'><em>ταύτης</em></span> <span class='ocrx_word' id='word_1_63' title='bbox 1490 851 1699 918; x_wconf 89' lang='grc' dir='ltr'><em>μορίων</em></span> <span class='ocrx_word' id='word_1_64' title='bbox 1718 845 1860 901; x_wconf 79' lang='grc' dir='ltr'><em>ἀπο-</em></span> 
     </span>
     <span class='ocr_line' id='line_1_10' title="bbox 193 926 1860 1005; baseline -0.005 -15"><span class='ocrx_word' id='word_1_65' title='bbox 193 934 519 1005; x_wconf 83' lang='grc' dir='ltr'><em>κρινόμενος</em></span> <span class='ocrx_word' id='word_1_66' title='bbox 541 932 811 1003; x_wconf 76' lang='grc' dir='ltr'><em>δηλώσειν</em></span> <span class='ocrx_word' id='word_1_67' title='bbox 830 930 1003 1001; x_wconf 87' lang='grc' dir='ltr'><em>αυτὴν</em></span> <span class='ocrx_word' id='word_1_68' title='bbox 1027 929 1270 1004; x_wconf 79' lang='grc' dir='ltr'><em>ὁτῳοῦν,</em></span> <span class='ocrx_word' id='word_1_69' title='bbox 1306 952 1339 999; x_wconf 91' lang='grc' dir='ltr'><em>η</em></span> <span class='ocrx_word' id='word_1_70' title='bbox 1363 928 1496 984; x_wconf 76' lang='grc' dir='ltr'><em>ἄλλο</em></span> <span class='ocrx_word' id='word_1_71' title='bbox 1518 926 1707 984; x_wconf 84' lang='grc' dir='ltr'><em>ὁτιοῦν</em></span> <span class='ocrx_word' id='word_1_72' title='bbox 1726 929 1860 982; x_wconf 86' lang='grc' dir='ltr'><em>τού-</em></span> 
     </span>
    </p>

    <p class='ocr_par' dir='ltr' id='par_1_6' title="bbox 132 1008 1858 1246">
     <span class='ocr_line' id='line_1_11' title="bbox 132 1008 1858 1089; baseline -0.005 -18"><span class='ocrx_word' id='word_1_73' title='bbox 132 1024 165 1063; x_wconf 83' lang='grc' dir='ltr'>Ε</span> <span class='ocrx_word' id='word_1_74' title='bbox 193 1038 267 1089; x_wconf 78' lang='grc' dir='ltr'><em>τςο</em></span> <span class='ocrx_word' id='word_1_75' title='bbox 290 1022 368 1089; x_wconf 74' lang='grc' dir='ltr'><em>τῷ</em></span> <span class='ocrx_word' id='word_1_76' title='bbox 387 1012 536 1087; x_wconf 77' lang='grc' dir='ltr'><em>αὐτῷ</em></span> <span class='ocrx_word' id='word_1_77' title='bbox 558 1014 743 1087; x_wconf 81' lang='grc' dir='ltr'><em>τρόπῳ</em></span> <span class='ocrx_word' id='word_1_78' title='bbox 765 1017 967 1082; x_wconf 89' lang='grc' dir='ltr'><em>λέγων,</em></span> <span class='ocrx_word' id='word_1_79' title='bbox 1008 1010 1144 1067; x_wconf 76' lang='grc' dir='ltr'><em>ἀλλὰ</em></span> <span class='ocrx_word' id='word_1_80' title='bbox 1172 1011 1338 1067; x_wconf 81' lang='grc' dir='ltr'><em>πάλιν</em></span> <span class='ocrx_word' id='word_1_81' title='bbox 1365 1016 1460 1081; x_wconf 87' lang='grc' dir='ltr'><em>τῆς</em></span> <span class='ocrx_word' id='word_1_82' title='bbox 1478 1009 1647 1081; x_wconf 82' lang='grc' dir='ltr'><em>αυτῆς</em></span> <span class='ocrx_word' id='word_1_83' title='bbox 1667 1008 1858 1078; x_wconf 86' lang='grc' dir='ltr'><em>δεήσε-</em></span> 
     </span>
     <span class='ocr_line' id='line_1_12' title="bbox 192 1072 1854 1165; baseline -0.004 -14"><span class='ocrx_word' id='word_1_84' title='bbox 192 1072 340 1151; x_wconf 83' lang='grc' dir='ltr'><em>σθαι</em></span> <span class='ocrx_word' id='word_1_85' title='bbox 358 1096 700 1165; x_wconf 77' lang='grc' dir='ltr'><em>ἐρωτήσεως,</em></span> <span class='ocrx_word' id='word_1_86' title='bbox 740 1099 887 1158; x_wconf 91' lang='grc' dir='ltr'><em>τίνος</em></span> <span class='ocrx_word' id='word_1_87' title='bbox 917 1092 1078 1157; x_wconf 80' lang='grc' dir='ltr'><em>ὄντος</em></span> <span class='ocrx_word' id='word_1_88' title='bbox 1106 1091 1303 1163; x_wconf 82' lang='grc' dir='ltr'><em>αρετῆς</em></span> <span class='ocrx_word' id='word_1_89' title='bbox 1333 1089 1546 1162; x_wconf 87' lang='grc' dir='ltr'><em>λέγεις</em></span> <span class='ocrx_word' id='word_1_90' title='bbox 1523 1115 1557 1146; x_wconf 95' lang='grc' dir='ltr'><em>α</em></span> <span class='ocrx_word' id='word_1_91' title='bbox 1587 1092 1785 1160; x_wconf 90' lang='grc' dir='ltr'><em>λέγεις·</em></span> <span class='ocrx_word' id='word_1_92' title='bbox 1822 1112 1854 1160; x_wconf 93' lang='grc' dir='ltr'><em>η</em></span> 
     </span>
     <span class='ocr_line' id='line_1_13' title="bbox 191 1177 854 1246; baseline -0.005 -12"><span class='ocrx_word' id='word_1_93' title='bbox 191 1177 355 1234; x_wconf 84' lang='grc' dir='ltr'><em>οὐδέν</em></span> <span class='ocrx_word' id='word_1_94' title='bbox 376 1195 462 1233; x_wconf 91' lang='grc' dir='ltr'><em>σοι</em></span> <span class='ocrx_word' id='word_1_95' title='bbox 483 1181 627 1232; x_wconf 76' lang='grc' dir='ltr'><em>δοκῶ</em></span> <span class='ocrx_word' id='word_1_96' title='bbox 652 1179 852 1246; x_wconf 83' lang='grc' dir='ltr'><em>λέγειν·</em></span> <span class='ocrx_word' id='word_1_97' title='bbox 841 1218 854 1242; x_wconf 93' lang='grc'><em>,</em></span> 
     </span>
    </p>

    <p class='ocr_par' dir='ltr' id='par_1_7' title="bbox 331 1255 1394 1329">
     <span class='ocr_line' id='line_1_14' title="bbox 331 1255 1394 1329; baseline -0.003 -15"><span class='ocrx_word' id='word_1_98' title='bbox 331 1264 515 1314; x_wconf 89' lang='grc' dir='ltr'><strong>ΜΕΝ.</strong></span> <span class='ocrx_word' id='word_1_99' title='bbox 558 1258 778 1329; x_wconf 77' lang='grc' dir='ltr'><em>’Έμοιγε</em></span> <span class='ocrx_word' id='word_1_100' title='bbox 802 1262 976 1322; x_wconf 86' lang='grc' dir='ltr'><em>δοκεῖς</em></span> <span class='ocrx_word' id='word_1_101' title='bbox 995 1255 1182 1326; x_wconf 77' lang='grc' dir='ltr'><em>ὀρθῶς</em></span> <span class='ocrx_word' id='word_1_102' title='bbox 1201 1259 1394 1326; x_wconf 85' lang='grc' dir='ltr'><em>λέγειν.</em></span> 
     </span>
    </p>
   </div>
   <div class='ocr_carea' id='block_1_3' title="bbox 331 1336 1862 1409">
    <p class='ocr_par' dir='ltr' id='par_1_8' title="bbox 331 1336 1862 1409">
     <span class='ocr_line' id='line_1_15' title="bbox 331 1336 1862 1409; baseline -0.003 -13"><span class='ocrx_word' id='word_1_103' title='bbox 331 1348 458 1396; x_wconf 86' lang='grc' dir='ltr'><strong>ΧΙΗ.</strong></span> <span class='ocrx_word' id='word_1_104' title='bbox 528 1346 654 1397; x_wconf 75' lang='grc' dir='ltr'><em>ΣΩ.</em></span> <span class='ocrx_word' id='word_1_105' title='bbox 703 1339 1020 1408; x_wconf 79' lang='grc' dir='ltr'><em>Ἀπόκριναι</em></span> <span class='ocrx_word' id='word_1_106' title='bbox 1058 1344 1250 1394; x_wconf 85' lang='grc' dir='ltr'><em>τοίνυν</em></span> <span class='ocrx_word' id='word_1_107' title='bbox 1280 1339 1447 1394; x_wconf 81' lang='grc' dir='ltr'><em>πάλιν</em></span> <span class='ocrx_word' id='word_1_108' title='bbox 1477 1340 1529 1404; x_wconf 82' lang='grc' dir='ltr'><em>ἐξ</em></span> <span class='ocrx_word' id='word_1_109' title='bbox 1570 1336 1762 1409; x_wconf 73' lang='grc' dir='ltr'><em>ἀρχῆς·</em></span> <span class='ocrx_word' id='word_1_110' title='bbox 1809 1341 1862 1391; x_wconf 93' lang='grc' dir='ltr'><em>τί</em></span> 
     </span>
    </p>
   </div>
   <div class='ocr_carea' id='block_1_4' title="bbox 103 1418 1859 2873">
    <p class='ocr_par' dir='ltr' id='par_1_9' title="bbox 103 1418 1859 2873">
     <span class='ocr_line' id='line_1_16' title="bbox 191 1418 1417 1495; baseline -0.003 -17"><span class='ocrx_word' id='word_1_111' title='bbox 191 1421 299 1495; x_wconf 83' lang='grc' dir='ltr'><em>φῂς</em></span> <span class='ocrx_word' id='word_1_112' title='bbox 319 1421 520 1493; x_wconf 80' lang='grc' dir='ltr'><em>οἷρετὴν</em></span> <span class='ocrx_word' id='word_1_113' title='bbox 540 1421 678 1477; x_wconf 80' lang='grc' dir='ltr'><em>εἶναι</em></span> <span class='ocrx_word' id='word_1_114' title='bbox 698 1423 786 1477; x_wconf 85' lang='grc' dir='ltr'><em>καὶ</em></span> <span class='ocrx_word' id='word_1_115' title='bbox 806 1419 876 1475; x_wconf 84' lang='grc' dir='ltr'><strong>σύ</strong></span> <span class='ocrx_word' id='word_1_116' title='bbox 897 1423 986 1477; x_wconf 84' lang='grc' dir='ltr'><em>καὶ</em></span> <span class='ocrx_word' id='word_1_117' title='bbox 1006 1418 1033 1476; x_wconf 85' lang='grc' dir='ltr'>ὁ</span> <span class='ocrx_word' id='word_1_118' title='bbox 1057 1420 1268 1491; x_wconf 84' lang='grc' dir='ltr'><em>ἑταῖρός</em></span> <span class='ocrx_word' id='word_1_119' title='bbox 1288 1437 1417 1484; x_wconf 89' lang='grc' dir='ltr'><em>σου;</em></span> 
     </span>
     <span class='ocr_line' id='line_1_17' title="bbox 330 1496 1859 1574; baseline -0.002 -15"><span class='ocrx_word' id='word_1_120' title='bbox 330 1509 514 1559; x_wconf 88' lang='grc' dir='ltr'><strong>ΜΕΝ.</strong></span> <span class='ocrx_word' id='word_1_121' title='bbox 561 1496 624 1559; x_wconf 76' lang='grc' dir='ltr'><em>Ὦ</em></span> <span class='ocrx_word' id='word_1_122' title='bbox 653 1503 974 1574; x_wconf 71' lang='grc' dir='ltr'><em>Σώκρατες,</em></span> <span class='ocrx_word' id='word_1_123' title='bbox 1017 1502 1229 1574; x_wconf 78' lang='grc' dir='ltr'><em>ἤκουον</em></span> <span class='ocrx_word' id='word_1_124' title='bbox 1258 1502 1358 1574; x_wconf 75' lang='grc' dir='ltr'><em>μὲν</em></span> <span class='ocrx_word' id='word_1_125' title='bbox 1395 1507 1564 1574; x_wconf 81' lang='grc' dir='ltr'><em>ἔγωγε</em></span> <span class='ocrx_word' id='word_1_126' title='bbox 1601 1503 1732 1571; x_wconf 89' lang='grc' dir='ltr'><em>πρὶν</em></span> <span class='ocrx_word' id='word_1_127' title='bbox 1767 1502 1859 1556; x_wconf 84' lang='grc' dir='ltr'><em>καὶ</em></span> 
     </span>
     <span class='ocr_line' id='line_1_18' title="bbox 103 1580 1846 1657; baseline -0.003 -14"><span class='ocrx_word' id='word_1_128' title='bbox 103 1601 160 1644; x_wconf 87' lang='grc'><em>80</em></span> <span class='ocrx_word' id='word_1_129' title='bbox 188 1587 557 1657; x_wconf 73' lang='grc' dir='ltr'><em>συγγενέσθαι</em></span> <span class='ocrx_word' id='word_1_130' title='bbox 578 1603 689 1655; x_wconf 91' lang='grc' dir='ltr'><em>σοι,</em></span> <span class='ocrx_word' id='word_1_131' title='bbox 732 1584 817 1641; x_wconf 79' lang='grc' dir='ltr'><em>ὅτι</em></span> <span class='ocrx_word' id='word_1_132' title='bbox 848 1585 918 1640; x_wconf 80' lang='grc' dir='ltr'><em>σὺ</em></span> <span class='ocrx_word' id='word_1_133' title='bbox 949 1582 1116 1641; x_wconf 77' lang='grc' dir='ltr'><em>οὐδὲν</em></span> <span class='ocrx_word' id='word_1_134' title='bbox 1146 1584 1281 1640; x_wconf 76' lang='grc' dir='ltr'><em>ἄλλο</em></span> <span class='ocrx_word' id='word_1_135' title='bbox 1312 1580 1351 1655; x_wconf 74' lang='grc' dir='ltr'><strong><em>ἦ</em></strong></span> <span class='ocrx_word' id='word_1_136' title='bbox 1372 1584 1538 1649; x_wconf 84' lang='grc' dir='ltr'><em>αὐτός</em></span> <span class='ocrx_word' id='word_1_137' title='bbox 1557 1606 1614 1639; x_wconf 92' lang='grc' dir='ltr'><em>τε</em></span> <span class='ocrx_word' id='word_1_138' title='bbox 1633 1583 1846 1652; x_wconf 63' lang='grc' dir='ltr'><em>ἀπορεῖς</em></span> 
     </span>
     <span class='ocr_line' id='line_1_19' title="bbox 190 1665 1844 1737; baseline -0.003 -13"><span class='ocrx_word' id='word_1_139' title='bbox 190 1671 280 1725; x_wconf 85' lang='grc' dir='ltr'><em>καὶ</em></span> <span class='ocrx_word' id='word_1_140' title='bbox 298 1668 428 1733; x_wconf 79' lang='grc' dir='ltr'><em>τοὺς</em></span> <span class='ocrx_word' id='word_1_141' title='bbox 447 1667 650 1732; x_wconf 72' lang='grc' dir='ltr'><em>ἄλλους</em></span> <span class='ocrx_word' id='word_1_142' title='bbox 670 1679 837 1731; x_wconf 86' lang='grc' dir='ltr'><em>ποιεῖς</em></span> <span class='ocrx_word' id='word_1_143' title='bbox 856 1666 1086 1737; x_wconf 78' lang='grc' dir='ltr'><em>ἀπορεῖν</em></span> <span class='ocrx_word' id='word_1_144' title='bbox 1102 1689 1112 1699; x_wconf 93' lang='grc'><em>·</em></span> <span class='ocrx_word' id='word_1_145' title='bbox 1168 1667 1258 1722; x_wconf 83' lang='grc' dir='ltr'><em>καὶ</em></span> <span class='ocrx_word' id='word_1_146' title='bbox 1280 1672 1412 1736; x_wconf 86' lang='grc' dir='ltr'><em>νῦν,</em></span> <span class='ocrx_word' id='word_1_147' title='bbox 1458 1665 1530 1730; x_wconf 70' lang='grc' dir='ltr'><em>ὥς</em></span> <span class='ocrx_word' id='word_1_148' title='bbox 1556 1666 1621 1736; x_wconf 87' lang='grc' dir='ltr'><em>γε’</em></span> <span class='ocrx_word' id='word_1_149' title='bbox 1646 1687 1739 1736; x_wconf 90' lang='grc' dir='ltr'><em>μοι</em></span> <span class='ocrx_word' id='word_1_150' title='bbox 1761 1669 1844 1720; x_wconf 67' lang='lat'><em>‹50-</em></span> 
     </span>
     <span class='ocr_line' id='line_1_20' title="bbox 189 1747 1847 1820; baseline -0.002 -15"><span class='ocrx_word' id='word_1_151' title='bbox 189 1760 325 1820; x_wconf 84' lang='grc' dir='ltr'><em>κεῖς,</em></span> <span class='ocrx_word' id='word_1_152' title='bbox 363 1749 641 1820; x_wconf 84' lang='grc' dir='ltr'><em>γοητεύεις</em></span> <span class='ocrx_word' id='word_1_153' title='bbox 666 1771 733 1820; x_wconf 86' lang='grc' dir='ltr'><em>με</em></span> <span class='ocrx_word' id='word_1_154' title='bbox 762 1750 851 1804; x_wconf 83' lang='grc' dir='ltr'><em>καὶ</em></span> <span class='ocrx_word' id='word_1_155' title='bbox 873 1747 1204 1819; x_wconf 79' lang='grc' dir='ltr'><em>φαρμάττεις</em></span> <span class='ocrx_word' id='word_1_156' title='bbox 1234 1750 1323 1803; x_wconf 80' lang='grc' dir='ltr'><em>καὶ</em></span> <span class='ocrx_word' id='word_1_157' title='bbox 1355 1747 1592 1819; x_wconf 68' lang='grc' dir='ltr'><em>ἀτεχνῶς</em></span> <span class='ocrx_word' id='word_1_158' title='bbox 1619 1747 1847 1820; x_wconf 42' lang='grc' dir='ltr'><em>κατεπᾴά</em></span> 
     </span>
     <span class='ocr_line' id='line_1_21' title="bbox 191 1828 1850 1901; baseline 0 -16"><span class='ocrx_word' id='word_1_159' title='bbox 191 1835 316 1900; x_wconf 88' lang='grc' dir='ltr'><em>δεις,</em></span> <span class='ocrx_word' id='word_1_160' title='bbox 333 1829 469 1885; x_wconf 72' lang='grc' dir='ltr'><em>ὥστε</em></span> <span class='ocrx_word' id='word_1_161' title='bbox 490 1828 692 1899; x_wconf 86' lang='grc' dir='ltr'><em>μεστὸν</em></span> <span class='ocrx_word' id='word_1_162' title='bbox 709 1828 939 1900; x_wconf 73' lang='grc' dir='ltr'><em>ἀπορίας</em></span> <span class='ocrx_word' id='word_1_163' title='bbox 959 1830 1257 1899; x_wconf 88' lang='grc' dir='ltr'><em>γεγονέναι.</em></span> <span class='ocrx_word' id='word_1_164' title='bbox 1297 1831 1386 1885; x_wconf 80' lang='grc' dir='ltr'><em>καὶ</em></span> <span class='ocrx_word' id='word_1_165' title='bbox 1406 1834 1583 1895; x_wconf 85' lang='grc' dir='ltr'><em>δοκεῖς</em></span> <span class='ocrx_word' id='word_1_166' title='bbox 1602 1852 1694 1901; x_wconf 89' lang='grc' dir='ltr'><em>μοι</em></span> <span class='ocrx_word' id='word_1_167' title='bbox 1714 1850 1850 1885; x_wconf 66' lang='lat' dir='ltr'><em>nav-⁶</em></span> 
     </span>
     <span class='ocr_line' id='line_1_22' title="bbox 187 1909 1854 1982; baseline -0.001 -15"><span class='ocrx_word' id='word_1_168' title='bbox 187 1918 380 1979; x_wconf 78' lang='grc' dir='ltr'><em>τελῶς,</em></span> <span class='ocrx_word' id='word_1_169' title='bbox 422 1917 471 1967; x_wconf 86' lang='grc' dir='ltr'><em>εἰ</em></span> <span class='ocrx_word' id='word_1_170' title='bbox 488 1915 575 1966; x_wconf 90' lang='grc' dir='ltr'><em>δεῖ</em></span> <span class='ocrx_word' id='word_1_171' title='bbox 590 1934 639 1966; x_wconf 91' lang='grc' dir='ltr'><em>τι</em></span> <span class='ocrx_word' id='word_1_172' title='bbox 668 1913 757 1967; x_wconf 86' lang='grc' dir='ltr'><em>καὶ</em></span> <span class='ocrx_word' id='word_1_173' title='bbox 781 1918 1024 1982; x_wconf 73' lang='grc' dir='ltr'><em>σκῶψαι,</em></span> <span class='ocrx_word' id='word_1_174' title='bbox 1061 1909 1382 1981; x_wconf 88' lang='grc' dir='ltr'><em>ὁμοιότατος</em></span> <span class='ocrx_word' id='word_1_175' title='bbox 1402 1910 1540 1966; x_wconf 79' lang='grc' dir='ltr'><em>εἶναι</em></span> <span class='ocrx_word' id='word_1_176' title='bbox 1557 1911 1621 1967; x_wconf 91' lang='grc' dir='ltr'><em>τό</em></span> <span class='ocrx_word' id='word_1_177' title='bbox 1637 1932 1695 1966; x_wconf 89' lang='grc' dir='ltr'><em>τε</em></span> <span class='ocrx_word' id='word_1_178' title='bbox 1716 1910 1854 1975; x_wconf 78' lang='grc' dir='ltr'><em>εἶδος</em></span> 
     </span>
     <span class='ocr_line' id='line_1_23' title="bbox 187 1987 1852 2066; baseline -0.002 -16"><span class='ocrx_word' id='word_1_179' title='bbox 187 1996 276 2050; x_wconf 85' lang='grc' dir='ltr'><em>καὶ</em></span> <span class='ocrx_word' id='word_1_180' title='bbox 298 1987 473 2048; x_wconf 79' lang='grc' dir='ltr'><em>τᾶλλα</em></span> <span class='ocrx_word' id='word_1_181' title='bbox 493 1993 664 2066; x_wconf 79' lang='grc' dir='ltr'><em>ταύτῃ</em></span> <span class='ocrx_word' id='word_1_182' title='bbox 685 2001 749 2066; x_wconf 81' lang='grc' dir='ltr'><em>τῇ</em></span> <span class='ocrx_word' id='word_1_183' title='bbox 771 1998 994 2066; x_wconf 73' lang='grc' dir='ltr'><em>πλατείᾳ</em></span> <span class='ocrx_word' id='word_1_184' title='bbox 1023 1992 1201 2064; x_wconf 78' lang='grc' dir='ltr'><em>νάρκῃ</em></span> <span class='ocrx_word' id='word_1_185' title='bbox 1231 1999 1298 2065; x_wconf 81' lang='grc' dir='ltr'><em>τῇ</em></span> <span class='ocrx_word' id='word_1_186' title='bbox 1318 1998 1600 2065; x_wconf 79' lang='grc' dir='ltr'><em>θαλαττίᾳ.</em></span> <span class='ocrx_word' id='word_1_187' title='bbox 1640 1990 1852 2061; x_wconf 75' lang='grc' dir='ltr'><em>καὶγὰρ</em></span> 
     </span>
     <span class='ocr_line' id='line_1_24' title="bbox 187 2072 1836 2146; baseline -0.002 -17"><span class='ocrx_word' id='word_1_188' title='bbox 187 2073 325 2145; x_wconf 82' lang='grc' dir='ltr'><em>αὕτη</em></span> <span class='ocrx_word' id='word_1_189' title='bbox 346 2073 445 2130; x_wconf 85' lang='grc' dir='ltr'><em>τὸν</em></span> <span class='ocrx_word' id='word_1_190' title='bbox 475 2074 558 2131; x_wconf 78' lang='grc' dir='ltr'><em>ἀεὶ</em></span> <span class='ocrx_word' id='word_1_191' title='bbox 583 2074 947 2146; x_wconf 79' lang='grc' dir='ltr'><em>πλησιάζοντα</em></span> <span class='ocrx_word' id='word_1_192' title='bbox 979 2075 1068 2129; x_wconf 86' lang='grc' dir='ltr'><em>καὶ</em></span> <span class='ocrx_word' id='word_1_193' title='bbox 1099 2072 1411 2144; x_wconf 85' lang='grc' dir='ltr'><em>ἁπτόμενον</em></span> <span class='ocrx_word' id='word_1_194' title='bbox 1439 2079 1656 2146; x_wconf 79' lang='grc' dir='ltr'><em>ναρκᾷν</em></span> <span class='ocrx_word' id='word_1_195' title='bbox 1688 2083 1836 2127; x_wconf 89' lang='grc' dir='ltr'><em>ποιεῖ</em></span> 
     </span>
     <span class='ocr_line' id='line_1_25' title="bbox 187 2154 1854 2227; baseline -0.002 -16"><span class='ocrx_word' id='word_1_196' title='bbox 187 2158 275 2211; x_wconf 84' lang='grc' dir='ltr'><em>καὶ</em></span> <span class='ocrx_word' id='word_1_197' title='bbox 296 2154 368 2210; x_wconf 85' lang='grc' dir='ltr'><em>σὺ</em></span> <span class='ocrx_word' id='word_1_198' title='bbox 391 2159 567 2221; x_wconf 87' lang='grc' dir='ltr'><em>δοκεῖς</em></span> <span class='ocrx_word' id='word_1_199' title='bbox 587 2179 678 2227; x_wconf 86' lang='grc' dir='ltr'><em>μοι</em></span> <span class='ocrx_word' id='word_1_200' title='bbox 698 2164 807 2211; x_wconf 82' lang='grc' dir='ltr'><em>νῦν</em></span> <span class='ocrx_word' id='word_1_201' title='bbox 825 2155 917 2226; x_wconf 86' lang='grc' dir='ltr'><em>ἐμε</em></span> <span class='ocrx_word' id='word_1_202' title='bbox 938 2155 1194 2210; x_wconf 81' lang='grc' dir='ltr'><em>τοιοῦτόν</em></span> <span class='ocrx_word' id='word_1_203' title='bbox 1224 2177 1274 2209; x_wconf 92' lang='grc' dir='ltr'><em>τι</em></span> <span class='ocrx_word' id='word_1_204' title='bbox 1305 2156 1686 2224; x_wconf 85' lang='grc' dir='ltr'><em>πεποιηκέναι,</em></span> <span class='ocrx_word' id='word_1_205' title='bbox 1718 2174 1854 2222; x_wconf 85' lang='grc' dir='ltr'><em>ναρ-</em></span> 
     </span>
     <span class='ocr_line' id='line_1_26' title="bbox 129 2231 1848 2309; baseline -0.001 -18"><span class='ocrx_word' id='word_1_206' title='bbox 129 2251 162 2291; x_wconf 91' lang='grc' dir='ltr'>Β</span> <span class='ocrx_word' id='word_1_207' title='bbox 190 2259 312 2292; x_wconf 87' lang='grc' dir='ltr'><em>καν.</em></span> <span class='ocrx_word' id='word_1_208' title='bbox 368 2235 592 2309; x_wconf 85' lang='grc' dir='ltr'><em>αληθως</em></span> <span class='ocrx_word' id='word_1_209' title='bbox 628 2260 735 2308; x_wconf 89' lang='grc' dir='ltr'><em>γαρ</em></span> <span class='ocrx_word' id='word_1_210' title='bbox 774 2242 943 2307; x_wconf 86' lang='grc' dir='ltr'><em>ε’γωγε</em></span> <span class='ocrx_word' id='word_1_211' title='bbox 980 2238 1070 2293; x_wconf 84' lang='grc' dir='ltr'><em>καὶ</em></span> <span class='ocrx_word' id='word_1_212' title='bbox 1103 2234 1207 2307; x_wconf 82' lang='grc' dir='ltr'><em>τὴν</em></span> <span class='ocrx_word' id='word_1_213' title='bbox 1242 2233 1426 2305; x_wconf 83' lang='grc' dir='ltr'><em>ψυχὴν</em></span> <span class='ocrx_word' id='word_1_214' title='bbox 1462 2236 1554 2290; x_wconf 82' lang='grc' dir='ltr'><em>καὶ</em></span> <span class='ocrx_word' id='word_1_215' title='bbox 1587 2231 1648 2289; x_wconf 80' lang='grc' dir='ltr'><em>τὸ</em></span> <span class='ocrx_word' id='word_1_216' title='bbox 1680 2234 1848 2304; x_wconf 81' lang='grc' dir='ltr'><em>στόμα</em></span> 
     </span>
     <span class='ocr_line' id='line_1_27' title="bbox 187 2319 1854 2391; baseline -0.003 -15"><span class='ocrx_word' id='word_1_217' title='bbox 187 2327 405 2391; x_wconf 79' lang='grc' dir='ltr'><em>ναρκῶ,</em></span> <span class='ocrx_word' id='word_1_218' title='bbox 451 2324 540 2377; x_wconf 84' lang='grc' dir='ltr'><em>καὶ</em></span> <span class='ocrx_word' id='word_1_219' title='bbox 570 2319 675 2376; x_wconf 77' lang='grc' dir='ltr'><em>οὐκ</em></span> <span class='ocrx_word' id='word_1_220' title='bbox 706 2326 807 2390; x_wconf 82' lang='grc' dir='ltr'><em>ἐχω</em></span> <span class='ocrx_word' id='word_1_221' title='bbox 839 2319 871 2375; x_wconf 87' lang='lat'><em>3</em></span> <span class='ocrx_word' id='word_1_222' title='bbox 900 2343 950 2374; x_wconf 90' lang='grc' dir='ltr'><em>τι</em></span> <span class='ocrx_word' id='word_1_223' title='bbox 983 2319 1368 2391; x_wconf 84' lang='grc' dir='ltr'><em>αποκρίνωμαί</em></span> <span class='ocrx_word' id='word_1_224' title='bbox 1392 2335 1493 2373; x_wconf 91' lang='grc' dir='ltr'><em>σοι.</em></span> <span class='ocrx_word' id='word_1_225' title='bbox 1552 2322 1726 2372; x_wconf 85' lang='grc' dir='ltr'><em>καίτοι</em></span> <span class='ocrx_word' id='word_1_226' title='bbox 1746 2338 1854 2386; x_wconf 88' lang='grc' dir='ltr'><em>μυ-</em></span> 
     </span>
     <span class='ocr_line' id='line_1_28' title="bbox 185 2398 1851 2472; baseline -0.002 -17"><span class='ocrx_word' id='word_1_227' title='bbox 185 2423 362 2472; x_wconf 85' lang='grc' dir='ltr'><em>ριακις</em></span> <span class='ocrx_word' id='word_1_228' title='bbox 374 2423 434 2471; x_wconf 92' lang='grc' dir='ltr'><em>γε</em></span> <span class='ocrx_word' id='word_1_229' title='bbox 449 2403 571 2471; x_wconf 82' lang='grc' dir='ltr'><em>περὶ</em></span> <span class='ocrx_word' id='word_1_230' title='bbox 595 2400 789 2471; x_wconf 86' lang='grc' dir='ltr'><em>αρετῆς</em></span> <span class='ocrx_word' id='word_1_231' title='bbox 809 2401 1164 2471; x_wconf 88' lang='grc' dir='ltr'><em>παμπόλλους</em></span> <span class='ocrx_word' id='word_1_232' title='bbox 1185 2400 1385 2469; x_wconf 77' lang='grc' dir='ltr'><em>λόγους</em></span> <span class='ocrx_word' id='word_1_233' title='bbox 1398 2407 1589 2470; x_wconf 78' lang='grc' dir='ltr'><em>εἴρηκα</em></span> <span class='ocrx_word' id='word_1_234' title='bbox 1609 2399 1699 2454; x_wconf 81' lang='grc' dir='ltr'><em>καὶ</em></span> <span class='ocrx_word' id='word_1_235' title='bbox 1717 2398 1851 2466; x_wconf 86' lang='grc' dir='ltr'><em>πρὸς</em></span> 
     </span>
     <span class='ocr_line' id='line_1_29' title="bbox 185 2480 1852 2552; baseline -0.002 -16"><span class='ocrx_word' id='word_1_236' title='bbox 185 2481 445 2551; x_wconf 83' lang='grc' dir='ltr'><em>πολλούς,</em></span> <span class='ocrx_word' id='word_1_237' title='bbox 488 2485 578 2536; x_wconf 86' lang='grc' dir='ltr'><em>καὶ</em></span> <span class='ocrx_word' id='word_1_238' title='bbox 608 2503 756 2537; x_wconf 90' lang='grc' dir='ltr'><em>πανυ</em></span> <span class='ocrx_word' id='word_1_239' title='bbox 788 2485 879 2552; x_wconf 88' lang='grc' dir='ltr'><em>εὐ,</em></span> <span class='ocrx_word' id='word_1_240' title='bbox 925 2480 997 2546; x_wconf 72' lang='grc' dir='ltr'><em>ὥς</em></span> <span class='ocrx_word' id='word_1_241' title='bbox 1018 2503 1080 2551; x_wconf 89' lang='grc' dir='ltr'><em>γε</em></span> <span class='ocrx_word' id='word_1_242' title='bbox 1111 2484 1331 2552; x_wconf 84' lang='grc' dir='ltr'><em>ἐμαυτω</em></span> <span class='ocrx_word' id='word_1_243' title='bbox 1361 2480 1622 2535; x_wconf 82' lang='grc' dir='ltr'><em>ἐδόκουν·</em></span> <span class='ocrx_word' id='word_1_244' title='bbox 1661 2484 1768 2533; x_wconf 84' lang='grc' dir='ltr'><em>νῦν</em></span> <span class='ocrx_word' id='word_1_245' title='bbox 1793 2480 1852 2533; x_wconf 90' lang='grc' dir='ltr'><em>δε</em></span> 
     </span>
     <span class='ocr_line' id='line_1_30' title="bbox 185 2551 1853 2633; baseline -0.003 -18"><span class='ocrx_word' id='word_1_246' title='bbox 185 2558 307 2616; x_wconf 83' lang='grc' dir='ltr'><em>οὐδ’</em></span> <span class='ocrx_word' id='word_1_247' title='bbox 331 2559 362 2615; x_wconf 86' lang='lat'><em>3</em></span> <span class='ocrx_word' id='word_1_248' title='bbox 393 2584 443 2616; x_wconf 90' lang='grc' dir='ltr'><em>τι</em></span> <span class='ocrx_word' id='word_1_249' title='bbox 475 2566 586 2616; x_wconf 84' lang='grc' dir='ltr'><em>ἔστι</em></span> <span class='ocrx_word' id='word_1_250' title='bbox 613 2561 672 2617; x_wconf 84' lang='grc' dir='ltr'><em>τὸ</em></span> <span class='ocrx_word' id='word_1_251' title='bbox 697 2563 961 2633; x_wconf 85' lang='grc' dir='ltr'><em>παράπαν</em></span> <span class='ocrx_word' id='word_1_252' title='bbox 991 2566 1090 2632; x_wconf 84' lang='grc' dir='ltr'><em>ἔχω</em></span> <span class='ocrx_word' id='word_1_253' title='bbox 1123 2566 1308 2617; x_wconf 81' lang='grc' dir='ltr'><em>εἰπεῖν.</em></span> <span class='ocrx_word' id='word_1_254' title='bbox 1368 2565 1465 2616; x_wconf 87' lang='grc' dir='ltr'><em>καί</em></span> <span class='ocrx_word' id='word_1_255' title='bbox 1478 2582 1571 2631; x_wconf 92' lang='grc' dir='ltr'><em>μοι</em></span> <span class='ocrx_word' id='word_1_256' title='bbox 1592 2563 1768 2622; x_wconf 82' lang='grc' dir='ltr'><em>δοκεῖς</em></span> <span class='ocrx_word' id='word_1_257' title='bbox 1789 2551 1853 2611; x_wconf 80' lang='grc' dir='ltr'><em>εὖ</em></span> 
     </span>
     <span class='ocr_line' id='line_1_31' title="bbox 182 2639 1857 2714; baseline -0.001 -19"><span class='ocrx_word' id='word_1_258' title='bbox 182 2642 558 2714; x_wconf 82' lang='grc' dir='ltr'><em>βουλεύεσθαι</em></span> <span class='ocrx_word' id='word_1_259' title='bbox 596 2643 699 2699; x_wconf 81' lang='grc' dir='ltr'><em>οὐκ</em></span> <span class='ocrx_word' id='word_1_260' title='bbox 734 2647 980 2700; x_wconf 86' lang='grc' dir='ltr'><em>ἐκπλέων</em></span> <span class='ocrx_word' id='word_1_261' title='bbox 1006 2645 1235 2699; x_wconf 87' lang='grc' dir='ltr'><em>ἐνθένδε</em></span> <span class='ocrx_word' id='word_1_262' title='bbox 1273 2640 1399 2696; x_wconf 81' lang='grc' dir='ltr'><em>οὐδ’</em></span> <span class='ocrx_word' id='word_1_263' title='bbox 1420 2639 1748 2711; x_wconf 90' lang='grc' dir='ltr'><em>αποδημων·</em></span> <span class='ocrx_word' id='word_1_264' title='bbox 1806 2643 1857 2693; x_wconf 83' lang='grc' dir='ltr'><em>εἰ</em></span> 
     </span>
     <span class='ocr_line' id='line_1_32' title="bbox 185 2717 1855 2797; baseline -0.001 -21"><span class='ocrx_word' id='word_1_265' title='bbox 185 2721 292 2793; x_wconf 79' lang='grc' dir='ltr'><em>γὰρ</em></span> <span class='ocrx_word' id='word_1_266' title='bbox 313 2724 463 2787; x_wconf 85' lang='grc' dir='ltr'><em>ξένος</em></span> <span class='ocrx_word' id='word_1_267' title='bbox 484 2725 543 2778; x_wconf 84' lang='grc' dir='ltr'><em>ἐν</em></span> <span class='ocrx_word' id='word_1_268' title='bbox 562 2723 700 2797; x_wconf 73' lang='grc' dir='ltr'><em>ἄλλῃ</em></span> <span class='ocrx_word' id='word_1_269' title='bbox 729 2725 884 2780; x_wconf 89' lang='grc' dir='ltr'><em>πόλει</em></span> <span class='ocrx_word' id='word_1_270' title='bbox 919 2731 1146 2780; x_wconf 82' lang='grc' dir='ltr'><em>τοιαῦτα</em></span> <span class='ocrx_word' id='word_1_271' title='bbox 1170 2734 1370 2791; x_wconf 86' lang='grc' dir='ltr'><em>ποιοῖς,</em></span> <span class='ocrx_word' id='word_1_272' title='bbox 1408 2719 1518 2791; x_wconf 79' lang='grc' dir='ltr'><em>τάχ’</em></span> <span class='ocrx_word' id='word_1_273' title='bbox 1542 2717 1613 2775; x_wconf 75' lang='grc' dir='ltr'><em>ὅὶν</em></span> <span class='ocrx_word' id='word_1_274' title='bbox 1632 2718 1703 2786; x_wconf 78' lang='grc' dir='ltr'><em>ὡς</em></span> <span class='ocrx_word' id='word_1_275' title='bbox 1723 2723 1855 2792; x_wconf 83' lang='grc' dir='ltr'><em>γόης</em></span> 
     </span>
     <span class='ocr_line' id='line_1_33' title="bbox 181 2802 496 2873; baseline -0.013 -14"><span class='ocrx_word' id='word_1_276' title='bbox 181 2802 496 2873; x_wconf 80' lang='grc' dir='ltr'><em>ἀπαχθείης.</em></span> 
     </span>
    </p>
   </div>
   <div class='ocr_carea' id='block_1_5' title="bbox 1835 1085 1871 1107">
    <p class='ocr_par' dir='ltr' id='par_1_10' title="bbox 1835 1085 1871 1107">
     <span class='ocr_line' id='line_1_34' title="bbox 1835 1085 1871 1107; baseline 0 -17"><span class='ocrx_word' id='word_1_277' title='bbox 1835 1085 1859 1107; x_wconf 57' lang='grc' dir='ltr'>Ἃ</span> <span class='ocrx_word' id='word_1_278' title='bbox 1869 1086 1871 1090; x_wconf 80' lang='grc'><em>,</em></span> 
     </span>
    </p>
   </div>
  </div>
 </body>
</html>
