<?xml version="1.0" encoding="UTF-8"?>
<!DOCTYPE html PUBLIC "-//W3C//DTD XHTML 1.0 Transitional//EN"
    "http://www.w3.org/TR/xhtml1/DTD/xhtml1-transitional.dtd">
<html xmlns="http://www.w3.org/1999/xhtml" xml:lang="en" lang="en">
 <head>
  <title>
</title>
<meta http-equiv="Content-Type" content="text/html;charset=utf-8" />
  <meta name='ocr-system' content='tesseract 3.04.00' />
  <meta name='ocr-capabilities' content='ocr_page ocr_carea ocr_par ocr_line ocrx_word'/>
</head>
<body>
  <div class='ocr_page' id='page_1' title='image "./dialogisecumdumt03platuoft_0320.png"; bbox 0 0 1962 3112; ppageno 0'>
   <div class='ocr_carea' id='block_1_1' title="bbox 203 141 1872 197">
    <p class='ocr_par' dir='ltr' id='par_1_1' title="bbox 203 141 1872 197">
     <span class='ocr_line' id='line_1_1' title="bbox 203 141 1872 197; baseline -0.005 0"><span class='ocrx_word' id='word_1_1' title='bbox 203 143 308 197; x_wconf 82' lang='lat'><em>286</em></span> <span class='ocrx_word' id='word_1_2' title='bbox 803 141 1276 194; x_wconf 77' lang='grc' dir='ltr'><em>ΠΛΑΤΩΝΟΣ</em></span> <span class='ocrx_word' id='word_1_3' title='bbox 1813 150 1872 196; x_wconf 82' lang='lat'><em>88</em></span> 
     </span>
    </p>
   </div>
   <div class='ocr_carea' id='block_1_2' title="bbox 85 268 1872 2890">
    <p class='ocr_par' dir='ltr' id='par_1_2' title="bbox 205 268 1866 430">
     <span class='ocr_line' id='line_1_2' title="bbox 206 268 1866 348; baseline -0.001 -15"><span class='ocrx_word' id='word_1_4' title='bbox 206 283 451 348; x_wconf 82' lang='grc' dir='ltr'><strong><em>κεφαλῆς</em></strong></span> <span class='ocrx_word' id='word_1_5' title='bbox 474 282 668 348; x_wconf 80' lang='grc' dir='ltr'><em>περιίῃ.</em></span> <span class='ocrx_word' id='word_1_6' title='bbox 720 274 1017 344; x_wconf 73' lang='grc' dir='ltr'><em>ἀπόκριναι</em></span> <span class='ocrx_word' id='word_1_7' title='bbox 1036 268 1142 330; x_wconf 79' lang='grc' dir='ltr'><em>οὖν</em></span> <span class='ocrx_word' id='word_1_8' title='bbox 1161 276 1250 331; x_wconf 88' lang='grc' dir='ltr'><em>καὶ</em></span> <span class='ocrx_word' id='word_1_9' title='bbox 1269 274 1335 331; x_wconf 80' lang='grc' dir='ltr'><em>τὰ</em></span> <span class='ocrx_word' id='word_1_10' title='bbox 1355 277 1546 347; x_wconf 82' lang='grc' dir='ltr'><em>λοιπά,</em></span> <span class='ocrx_word' id='word_1_11' title='bbox 1576 279 1668 332; x_wconf 83' lang='grc' dir='ltr'><em>ἴνα</em></span> <span class='ocrx_word' id='word_1_12' title='bbox 1687 274 1817 348; x_wconf 83' lang='grc' dir='ltr'><em>ἡμῖν</em></span> <span class='ocrx_word' id='word_1_13' title='bbox 1836 275 1866 331; x_wconf 85' lang='grc' dir='ltr'>ὁ</span> 
     </span>
     <span class='ocr_line' id='line_1_3' title="bbox 205 357 821 430; baseline -0.005 -16"><span class='ocrx_word' id='word_1_14' title='bbox 205 359 368 430; x_wconf 87' lang='grc' dir='ltr'><em>λόγος</em></span> <span class='ocrx_word' id='word_1_15' title='bbox 388 357 638 429; x_wconf 76' lang='grc' dir='ltr'><em>κεφαλὴν</em></span> <span class='ocrx_word' id='word_1_16' title='bbox 661 358 821 430; x_wconf 79' lang='grc' dir='ltr'><em>λάβῃ.</em></span> 
     </span>
    </p>

    <p class='ocr_par' dir='ltr' id='par_1_3' title="bbox 204 433 1870 677">
     <span class='ocr_line' id='line_1_4' title="bbox 345 433 1870 512; baseline 0.002 -17"><span class='ocrx_word' id='word_1_17' title='bbox 345 447 472 495; x_wconf 81' lang='lat' dir='ltr'><strong>LXI.</strong></span> <span class='ocrx_word' id='word_1_18' title='bbox 546 446 714 496; x_wconf 83' lang='lat' dir='ltr'><em>KAA.</em></span> <span class='ocrx_word' id='word_1_19' title='bbox 763 437 859 503; x_wconf 78' lang='grc' dir='ltr'><em>Ὡς</em></span> <span class='ocrx_word' id='word_1_20' title='bbox 895 445 1071 511; x_wconf 87' lang='grc' dir='ltr'><em>βίαιος</em></span> <span class='ocrx_word' id='word_1_21' title='bbox 1109 438 1179 509; x_wconf 79' lang='grc' dir='ltr'><em>εἴ,</em></span> <span class='ocrx_word' id='word_1_22' title='bbox 1226 433 1271 495; x_wconf 72' lang='lat' dir='ltr'><em>c3</em></span> <span class='ocrx_word' id='word_1_23' title='bbox 1305 440 1614 512; x_wconf 75' lang='grc' dir='ltr'><em>Σώκρατες.</em></span> <span class='ocrx_word' id='word_1_24' title='bbox 1671 440 1770 498; x_wconf 80' lang='grc' dir='ltr'><em>ἐὰν</em></span> <span class='ocrx_word' id='word_1_25' title='bbox 1811 445 1870 498; x_wconf 77' lang='grc' dir='ltr'><em>δὲ</em></span> 
     </span>
     <span class='ocr_line' id='line_1_5' title="bbox 205 518 1870 598; baseline 0.001 -21"><span class='ocrx_word' id='word_1_26' title='bbox 205 524 321 591; x_wconf 85' lang='grc' dir='ltr'><em>ἐμοὶ</em></span> <span class='ocrx_word' id='word_1_27' title='bbox 341 527 534 593; x_wconf 82' lang='grc' dir='ltr'><em>πείθῃ,</em></span> <span class='ocrx_word' id='word_1_28' title='bbox 556 523 732 587; x_wconf 77' lang='grc' dir='ltr'><em>ἐάσεις</em></span> <span class='ocrx_word' id='word_1_29' title='bbox 749 526 956 592; x_wconf 82' lang='grc' dir='ltr'><em>χαίρειν</em></span> <span class='ocrx_word' id='word_1_30' title='bbox 978 528 1179 577; x_wconf 85' lang='grc' dir='ltr'><em>τοῦτον</em></span> <span class='ocrx_word' id='word_1_31' title='bbox 1206 520 1304 577; x_wconf 83' lang='grc' dir='ltr'><em>τὸν</em></span> <span class='ocrx_word' id='word_1_32' title='bbox 1324 521 1518 593; x_wconf 82' lang='grc' dir='ltr'><em>λόγον,</em></span> <span class='ocrx_word' id='word_1_33' title='bbox 1555 518 1592 594; x_wconf 77' lang='grc' dir='ltr'><strong><em>ἦ</em></strong></span> <span class='ocrx_word' id='word_1_34' title='bbox 1610 526 1701 579; x_wconf 87' lang='grc' dir='ltr'><em>καὶ</em></span> <span class='ocrx_word' id='word_1_35' title='bbox 1720 523 1870 598; x_wconf 74' lang='grc' dir='ltr'><em>ἄλλῳ</em></span> 
     </span>
     <span class='ocr_line' id='line_1_6' title="bbox 204 606 547 677; baseline 0.003 -19"><span class='ocrx_word' id='word_1_36' title='bbox 204 625 279 677; x_wconf 76' lang='grc' dir='ltr'><em>τῳ</em></span> <span class='ocrx_word' id='word_1_37' title='bbox 302 606 547 669; x_wconf 80' lang='grc' dir='ltr'><em>διαλέξει.</em></span> 
     </span>
    </p>

    <p class='ocr_par' dir='ltr' id='par_1_4' title="bbox 205 678 1862 839">
     <span class='ocr_line' id='line_1_7' title="bbox 347 678 1862 758; baseline 0.001 -18"><span class='ocrx_word' id='word_1_38' title='bbox 347 691 470 741; x_wconf 75' lang='grc' dir='ltr'><em>ΣΩ.</em></span> <span class='ocrx_word' id='word_1_39' title='bbox 514 690 604 750; x_wconf 89' lang='grc' dir='ltr'><em>Τίς</em></span> <span class='ocrx_word' id='word_1_40' title='bbox 626 678 729 741; x_wconf 77' lang='grc' dir='ltr'><em>οὖν</em></span> <span class='ocrx_word' id='word_1_41' title='bbox 749 684 914 750; x_wconf 77' lang='grc' dir='ltr'><em>ἄλλος</em></span> <span class='ocrx_word' id='word_1_42' title='bbox 933 687 1138 754; x_wconf 68' lang='grc' dir='ltr'><em>ἐθέλεις</em></span> <span class='ocrx_word' id='word_1_43' title='bbox 1175 687 1246 757; x_wconf 78' lang='grc' dir='ltr'><em>μὴ</em></span> <span class='ocrx_word' id='word_1_44' title='bbox 1272 687 1376 757; x_wconf 88' lang='grc' dir='ltr'><em>γάρ</em></span> <span class='ocrx_word' id='word_1_45' title='bbox 1398 707 1481 741; x_wconf 91' lang='grc' dir='ltr'><em>τοι</em></span> <span class='ocrx_word' id='word_1_46' title='bbox 1503 683 1668 758; x_wconf 80' lang='grc' dir='ltr'><em>ἀτελῆ</em></span> <span class='ocrx_word' id='word_1_47' title='bbox 1686 709 1747 756; x_wconf 92' lang='grc' dir='ltr'><em>γε</em></span> <span class='ocrx_word' id='word_1_48' title='bbox 1771 709 1862 742; x_wconf 69' lang='grc' dir='ltr'><em>τοι</em></span> 
     </span>
     <span class='ocr_line' id='line_1_8' title="bbox 205 769 791 839; baseline -0.002 -15"><span class='ocrx_word' id='word_1_49' title='bbox 205 769 375 839; x_wconf 86' lang='grc' dir='ltr'><em>λόγον</em></span> <span class='ocrx_word' id='word_1_50' title='bbox 394 775 791 838; x_wconf 84' lang='grc' dir='ltr'><em>καταλίπωμεν.</em></span> 
     </span>
    </p>

    <p class='ocr_par' dir='ltr' id='par_1_5' title="bbox 203 847 1869 1007">
     <span class='ocr_line' id='line_1_9' title="bbox 344 847 1869 922; baseline 0.002 -18"><span class='ocrx_word' id='word_1_51' title='bbox 344 855 514 904; x_wconf 83' lang='grc' dir='ltr'><em>ΚΑΛ.</em></span> <span class='ocrx_word' id='word_1_52' title='bbox 571 847 754 914; x_wconf 80' lang='grc' dir='ltr'><em>Αὐτὸς</em></span> <span class='ocrx_word' id='word_1_53' title='bbox 775 852 833 904; x_wconf 77' lang='grc' dir='ltr'><em>δὲ</em></span> <span class='ocrx_word' id='word_1_54' title='bbox 852 848 954 905; x_wconf 82' lang='grc' dir='ltr'><em>οὐκ</em></span> <span class='ocrx_word' id='word_1_55' title='bbox 985 847 1056 905; x_wconf 74' lang='grc' dir='ltr'><em>ἂν</em></span> <span class='ocrx_word' id='word_1_56' title='bbox 1075 851 1270 906; x_wconf 81' lang='grc' dir='ltr'><em>δύναιο</em></span> <span class='ocrx_word' id='word_1_57' title='bbox 1300 855 1543 907; x_wconf 74' lang='grc' dir='ltr'><em>διελθεῖν</em></span> <span class='ocrx_word' id='word_1_58' title='bbox 1561 849 1660 906; x_wconf 83' lang='grc' dir='ltr'><em>τὸν</em></span> <span class='ocrx_word' id='word_1_59' title='bbox 1678 851 1869 922; x_wconf 83' lang='grc' dir='ltr'><em>λόγον,</em></span> 
     </span>
     <span class='ocr_line' id='line_1_10' title="bbox 203 928 1570 1007; baseline 0 -19"><span class='ocrx_word' id='word_1_60' title='bbox 203 930 240 1004; x_wconf 78' lang='grc' dir='ltr'><strong><em>ἦ</em></strong></span> <span class='ocrx_word' id='word_1_61' title='bbox 263 935 438 1002; x_wconf 84' lang='grc' dir='ltr'><em>λέγων</em></span> <span class='ocrx_word' id='word_1_62' title='bbox 456 931 592 988; x_wconf 74' lang='grc' dir='ltr'><em>κατὰ</em></span> <span class='ocrx_word' id='word_1_63' title='bbox 615 931 823 988; x_wconf 81' lang='grc' dir='ltr'><em>σαυτὸν</em></span> <span class='ocrx_word' id='word_1_64' title='bbox 842 928 878 1004; x_wconf 76' lang='grc' dir='ltr'><strong><em>ἦ</em></strong></span> <span class='ocrx_word' id='word_1_65' title='bbox 899 931 1338 1004; x_wconf 78' lang='grc' dir='ltr'><em>ἀποκρινόμενος</em></span> <span class='ocrx_word' id='word_1_66' title='bbox 1359 940 1544 1007; x_wconf 77' lang='grc' dir='ltr'><em>σαυτῷ</em></span> <span class='ocrx_word' id='word_1_67' title='bbox 1556 957 1570 1000; x_wconf 84' lang='grc'><strong>;</strong></span> 
     </span>
    </p>

    <p class='ocr_par' dir='ltr' id='par_1_6' title="bbox 141 1012 1872 1496">
     <span class='ocr_line' id='line_1_11' title="bbox 141 1012 1872 1086; baseline 0.003 -20"><span class='ocrx_word' id='word_1_68' title='bbox 141 1026 174 1066; x_wconf 85' lang='grc' dir='ltr'>Ε</span> <span class='ocrx_word' id='word_1_69' title='bbox 347 1019 470 1068; x_wconf 74' lang='grc' dir='ltr'><em>ΣΩ.</em></span> <span class='ocrx_word' id='word_1_70' title='bbox 513 1012 629 1069; x_wconf 84' lang='grc' dir='ltr'><em>Ἵνα</em></span> <span class='ocrx_word' id='word_1_71' title='bbox 649 1036 741 1084; x_wconf 90' lang='grc' dir='ltr'><em>μοι</em></span> <span class='ocrx_word' id='word_1_72' title='bbox 761 1012 821 1070; x_wconf 82' lang='grc' dir='ltr'><em>τὸ</em></span> <span class='ocrx_word' id='word_1_73' title='bbox 842 1019 941 1069; x_wconf 86' lang='grc' dir='ltr'><em>τοῦ</em></span> <span class='ocrx_word' id='word_1_74' title='bbox 968 1012 1296 1086; x_wconf 76' lang='grc' dir='ltr'><em>Ἐπιχάρμου</em></span> <span class='ocrx_word' id='word_1_75' title='bbox 1317 1017 1538 1086; x_wconf 84' lang='grc' dir='ltr'><em>γένηται</em></span> <span class='ocrx_word' id='word_1_76' title='bbox 1552 1058 1565 1084; x_wconf 83' lang='grc'>,</span> <span class='ocrx_word' id='word_1_77' title='bbox 1587 1013 1622 1070; x_wconf 79' lang='grc' dir='ltr'><em>ὁὶ</em></span> <span class='ocrx_word' id='word_1_78' title='bbox 1641 1013 1747 1085; x_wconf 85' lang='grc' dir='ltr'><em>πρὸ</em></span> <span class='ocrx_word' id='word_1_79' title='bbox 1768 1021 1872 1072; x_wconf 79' lang='grc' dir='ltr'><em>τοῦ,</em></span> 
     </span>
     <span class='ocr_line' id='line_1_12' title="bbox 207 1093 1867 1168; baseline -0.001 -16"><span class='ocrx_word' id='word_1_80' title='bbox 207 1095 307 1152; x_wconf 83' lang='grc' dir='ltr'><em>δύο</em></span> <span class='ocrx_word' id='word_1_81' title='bbox 329 1096 528 1167; x_wconf 72' lang='grc' dir='ltr'><em>ἄνδρες</em></span> <span class='ocrx_word' id='word_1_82' title='bbox 546 1100 766 1167; x_wconf 84' lang='grc' dir='ltr'><em>ἔλεγον,</em></span> <span class='ocrx_word' id='word_1_83' title='bbox 798 1094 873 1161; x_wconf 82' lang='grc' dir='ltr'><em>εἷς</em></span> <span class='ocrx_word' id='word_1_84' title='bbox 895 1093 974 1151; x_wconf 68' lang='grc' dir='ltr'><em>ὢν</em></span> <span class='ocrx_word' id='word_1_85' title='bbox 994 1096 1186 1162; x_wconf 78' lang='grc' dir='ltr'><em>ἱκανὸς</em></span> <span class='ocrx_word' id='word_1_86' title='bbox 1207 1100 1463 1168; x_wconf 76' lang='grc' dir='ltr'><em>γένωμαι.</em></span> <span class='ocrx_word' id='word_1_87' title='bbox 1515 1094 1653 1167; x_wconf 78' lang='grc' dir='ltr'><em>άτάρ</em></span> <span class='ocrx_word' id='word_1_88' title='bbox 1675 1100 1867 1152; x_wconf 86' lang='grc' dir='ltr'><em>κινδυ-</em></span> 
     </span>
     <span class='ocr_line' id='line_1_13' title="bbox 204 1178 1865 1250; baseline 0 -16"><span class='ocrx_word' id='word_1_89' title='bbox 204 1180 355 1234; x_wconf 81' lang='grc' dir='ltr'><em>νεύει</em></span> <span class='ocrx_word' id='word_1_90' title='bbox 380 1178 816 1250; x_wconf 79' lang='grc' dir='ltr'><em>ἀναγκαιότατον</em></span> <span class='ocrx_word' id='word_1_91' title='bbox 845 1179 983 1235; x_wconf 83' lang='grc' dir='ltr'><em>εἶναι</em></span> <span class='ocrx_word' id='word_1_92' title='bbox 1015 1178 1205 1244; x_wconf 82' lang='grc' dir='ltr'><em>οὕτως.</em></span> <span class='ocrx_word' id='word_1_93' title='bbox 1264 1184 1313 1235; x_wconf 87' lang='grc' dir='ltr'><em>εἰ</em></span> <span class='ocrx_word' id='word_1_94' title='bbox 1331 1181 1517 1249; x_wconf 89' lang='grc' dir='ltr'><em>μέντοι</em></span> <span class='ocrx_word' id='word_1_95' title='bbox 1545 1179 1865 1250; x_wconf 81' lang='grc' dir='ltr'><em>ποιήσομεν,</em></span> 
     </span>
     <span class='ocr_line' id='line_1_14' title="bbox 203 1259 1868 1332; baseline 0.001 -17"><span class='ocrx_word' id='word_1_96' title='bbox 203 1260 351 1332; x_wconf 82' lang='grc' dir='ltr'><em>οἶμαι</em></span> <span class='ocrx_word' id='word_1_97' title='bbox 379 1265 549 1332; x_wconf 83' lang='grc' dir='ltr'><em>ἔγωγε</em></span> <span class='ocrx_word' id='word_1_98' title='bbox 578 1267 776 1332; x_wconf 86' lang='grc' dir='ltr'><em>χρῆναι</em></span> <span class='ocrx_word' id='word_1_99' title='bbox 809 1262 1018 1325; x_wconf 88' lang='grc' dir='ltr'><em>πάντας</em></span> <span class='ocrx_word' id='word_1_100' title='bbox 1044 1259 1185 1331; x_wconf 80' lang='grc' dir='ltr'><em>ἡμᾶς</em></span> <span class='ocrx_word' id='word_1_101' title='bbox 1215 1268 1539 1331; x_wconf 86' lang='grc' dir='ltr'><em>φιλονείκως</em></span> <span class='ocrx_word' id='word_1_102' title='bbox 1570 1267 1712 1332; x_wconf 82' lang='grc' dir='ltr'><em>ἔχειν</em></span> <span class='ocrx_word' id='word_1_103' title='bbox 1732 1260 1868 1331; x_wconf 85' lang='grc' dir='ltr'><em>πρὸς</em></span> 
     </span>
     <span class='ocr_line' id='line_1_15' title="bbox 202 1338 1865 1414; baseline 0.001 -17"><span class='ocrx_word' id='word_1_104' title='bbox 202 1341 263 1397; x_wconf 84' lang='grc' dir='ltr'><em>τὸ</em></span> <span class='ocrx_word' id='word_1_105' title='bbox 287 1344 489 1398; x_wconf 86' lang='grc' dir='ltr'><em>εἰδέναι</em></span> <span class='ocrx_word' id='word_1_106' title='bbox 508 1341 568 1398; x_wconf 85' lang='grc' dir='ltr'><em>τὸ</em></span> <span class='ocrx_word' id='word_1_107' title='bbox 599 1341 805 1414; x_wconf 76' lang='grc' dir='ltr'><em>ἀληθὲς</em></span> <span class='ocrx_word' id='word_1_108' title='bbox 833 1349 889 1398; x_wconf 90' lang='grc' dir='ltr'><em>τί</em></span> <span class='ocrx_word' id='word_1_109' title='bbox 903 1345 1015 1398; x_wconf 87' lang='grc' dir='ltr'><em>ἐστι</em></span> <span class='ocrx_word' id='word_1_110' title='bbox 1045 1345 1168 1412; x_wconf 86' lang='grc' dir='ltr'><em>περὶ</em></span> <span class='ocrx_word' id='word_1_111' title='bbox 1192 1338 1274 1399; x_wconf 70' lang='grc' dir='ltr'><em>οἶν</em></span> <span class='ocrx_word' id='word_1_112' title='bbox 1294 1345 1527 1414; x_wconf 88' lang='grc' dir='ltr'><em>λέγομεν</em></span> <span class='ocrx_word' id='word_1_113' title='bbox 1547 1346 1636 1399; x_wconf 86' lang='grc' dir='ltr'><em>καὶ</em></span> <span class='ocrx_word' id='word_1_114' title='bbox 1656 1350 1710 1399; x_wconf 90' lang='grc' dir='ltr'><em>τί</em></span> <span class='ocrx_word' id='word_1_115' title='bbox 1727 1352 1865 1410; x_wconf 82' lang='grc' dir='ltr'><em>ψεῦ-</em></span> 
     </span>
     <span class='ocr_line' id='line_1_16' title="bbox 203 1422 1862 1496; baseline 0.001 -17"><span class='ocrx_word' id='word_1_116' title='bbox 203 1427 318 1489; x_wconf 74' lang='grc' dir='ltr'><em>δος’</em></span> <span class='ocrx_word' id='word_1_117' title='bbox 357 1422 552 1480; x_wconf 84' lang='grc' dir='ltr'><em>κοινὸν</em></span> <span class='ocrx_word' id='word_1_118' title='bbox 570 1426 676 1496; x_wconf 75' lang='grc' dir='ltr'><em>γάρ</em></span> <span class='ocrx_word' id='word_1_119' title='bbox 705 1423 926 1495; x_wconf 76' lang='grc' dir='ltr'><em>ἀγαθὸν</em></span> <span class='ocrx_word' id='word_1_120' title='bbox 946 1423 1116 1479; x_wconf 79' lang='grc' dir='ltr'><em>ἅπασι</em></span> <span class='ocrx_word' id='word_1_121' title='bbox 1146 1423 1396 1495; x_wconf 82' lang='grc' dir='ltr'><em>φανερὸν</em></span> <span class='ocrx_word' id='word_1_122' title='bbox 1426 1427 1690 1494; x_wconf 86' lang='grc' dir='ltr'><em>γενέσθαι</em></span> <span class='ocrx_word' id='word_1_123' title='bbox 1709 1422 1862 1481; x_wconf 81' lang='grc' dir='ltr'><em>αὐτό.</em></span> 
     </span>
    </p>

    <p class='ocr_par' dir='ltr' id='par_1_7' title="bbox 85 1501 1866 2153">
     <span class='ocr_line' id='line_1_17' title="bbox 85 1501 1863 1580; baseline -0.001 -17"><span class='ocrx_word' id='word_1_124' title='bbox 85 1516 170 1563; x_wconf 76' lang='lat'><em>⁵06</em></span> <span class='ocrx_word' id='word_1_125' title='bbox 201 1511 363 1577; x_wconf 90' lang='grc' dir='ltr'><em>δίειμι</em></span> <span class='ocrx_word' id='word_1_126' title='bbox 391 1507 492 1577; x_wconf 77' lang='grc' dir='ltr'><em>μὲν</em></span> <span class='ocrx_word' id='word_1_127' title='bbox 520 1501 626 1562; x_wconf 78' lang='grc' dir='ltr'><em>οὖν</em></span> <span class='ocrx_word' id='word_1_128' title='bbox 656 1513 731 1580; x_wconf 76' lang='grc' dir='ltr'><em>τῷ</em></span> <span class='ocrx_word' id='word_1_129' title='bbox 762 1508 906 1580; x_wconf 77' lang='grc' dir='ltr'><em>λόγῳ</em></span> <span class='ocrx_word' id='word_1_130' title='bbox 938 1506 1042 1578; x_wconf 76' lang='grc' dir='ltr'><em>ἐγώ</em></span> <span class='ocrx_word' id='word_1_131' title='bbox 1076 1503 1149 1571; x_wconf 76' lang='grc' dir='ltr'><em>ὦς</em></span> <span class='ocrx_word' id='word_1_132' title='bbox 1178 1504 1248 1560; x_wconf 77' lang='grc' dir='ltr'><em>ἄν</em></span> <span class='ocrx_word' id='word_1_133' title='bbox 1269 1527 1361 1576; x_wconf 94' lang='grc' dir='ltr'><em>μοι</em></span> <span class='ocrx_word' id='word_1_134' title='bbox 1392 1510 1530 1576; x_wconf 85' lang='grc' dir='ltr'><em>δοκῇ</em></span> <span class='ocrx_word' id='word_1_135' title='bbox 1559 1511 1726 1576; x_wconf 82' lang='grc' dir='ltr'><em>ἔχειν·</em></span> <span class='ocrx_word' id='word_1_136' title='bbox 1766 1505 1863 1562; x_wconf 82' lang='grc' dir='ltr'><em>ἐὰν</em></span> 
     </span>
     <span class='ocr_line' id='line_1_18' title="bbox 199 1585 1863 1662; baseline -0.001 -19"><span class='ocrx_word' id='word_1_137' title='bbox 199 1593 262 1644; x_wconf 90' lang='grc' dir='ltr'><em>δέ</em></span> <span class='ocrx_word' id='word_1_138' title='bbox 286 1611 361 1662; x_wconf 78' lang='grc' dir='ltr'><em>τῳ</em></span> <span class='ocrx_word' id='word_1_139' title='bbox 396 1587 556 1659; x_wconf 79' lang='grc' dir='ltr'><em>ὑμῶν</em></span> <span class='ocrx_word' id='word_1_140' title='bbox 585 1589 658 1661; x_wconf 86' lang='grc' dir='ltr'><em>μὴ</em></span> <span class='ocrx_word' id='word_1_141' title='bbox 693 1587 760 1644; x_wconf 75' lang='grc' dir='ltr'><em>τοὶ</em></span> <span class='ocrx_word' id='word_1_142' title='bbox 792 1589 927 1645; x_wconf 81' lang='grc' dir='ltr'><em>ὄντα</em></span> <span class='ocrx_word' id='word_1_143' title='bbox 960 1594 1109 1644; x_wconf 77' lang='grc' dir='ltr'><em>δοκι-5</em></span> <span class='ocrx_word' id='word_1_144' title='bbox 1150 1585 1441 1660; x_wconf 80' lang='grc' dir='ltr'><em>ὁμολογεῖν</em></span> <span class='ocrx_word' id='word_1_145' title='bbox 1474 1591 1718 1660; x_wconf 75' lang='grc' dir='ltr'><em>ἐμαυτῷ,</em></span> <span class='ocrx_word' id='word_1_146' title='bbox 1763 1586 1863 1659; x_wconf 85' lang='grc' dir='ltr'><em>χρὴ</em></span> 
     </span>
     <span class='ocr_line' id='line_1_19' title="bbox 201 1667 1866 1742; baseline 0 -18"><span class='ocrx_word' id='word_1_147' title='bbox 201 1669 708 1742; x_wconf 74' lang='grc' dir='ltr'><em>ἀντιλαμβάνεσθαι</em></span> <span class='ocrx_word' id='word_1_148' title='bbox 730 1673 819 1726; x_wconf 87' lang='grc' dir='ltr'><em>καὶ</em></span> <span class='ocrx_word' id='word_1_149' title='bbox 839 1673 1092 1741; x_wconf 82' lang='grc' dir='ltr'><em>ἐλέγχειν.</em></span> <span class='ocrx_word' id='word_1_150' title='bbox 1139 1670 1392 1742; x_wconf 73' lang='grc' dir='ltr'><em>οὐδὲγάρ</em></span> <span class='ocrx_word' id='word_1_151' title='bbox 1414 1693 1496 1726; x_wconf 92' lang='grc' dir='ltr'><em>τοι</em></span> <span class='ocrx_word' id='word_1_152' title='bbox 1517 1675 1686 1740; x_wconf 82' lang='grc' dir='ltr'><em>ἔγωγε</em></span> <span class='ocrx_word' id='word_1_153' title='bbox 1710 1667 1866 1734; x_wconf 75' lang='grc' dir='ltr'><em>εἰδώς</em></span> 
     </span>
     <span class='ocr_line' id='line_1_20' title="bbox 198 1748 1866 1826; baseline -0.001 -18"><span class='ocrx_word' id='word_1_154' title='bbox 198 1756 338 1822; x_wconf 87' lang='grc' dir='ltr'><em>λέγω</em></span> <span class='ocrx_word' id='word_1_155' title='bbox 359 1751 395 1808; x_wconf 78' lang='grc' dir='ltr'><em>ὁὶ</em></span> <span class='ocrx_word' id='word_1_156' title='bbox 414 1755 582 1824; x_wconf 84' lang='grc' dir='ltr'><em>λέγω,</em></span> <span class='ocrx_word' id='word_1_157' title='bbox 624 1751 761 1808; x_wconf 75' lang='grc' dir='ltr'><em>ἄλλα</em></span> <span class='ocrx_word' id='word_1_158' title='bbox 782 1757 921 1824; x_wconf 73' lang='grc' dir='ltr'><em>ζητῶ</em></span> <span class='ocrx_word' id='word_1_159' title='bbox 949 1760 1111 1826; x_wconf 83' lang='grc' dir='ltr'><em>κοινῇ</em></span> <span class='ocrx_word' id='word_1_160' title='bbox 1141 1751 1262 1824; x_wconf 89' lang='grc' dir='ltr'><em>μεθ’</em></span> <span class='ocrx_word' id='word_1_161' title='bbox 1291 1751 1477 1824; x_wconf 80' lang='grc' dir='ltr'><em>ὑμῶν,</em></span> <span class='ocrx_word' id='word_1_162' title='bbox 1517 1751 1685 1824; x_wconf 69' lang='grc' dir='ltr'><em>ὥστε,</em></span> <span class='ocrx_word' id='word_1_163' title='bbox 1726 1748 1797 1807; x_wconf 72' lang='grc' dir='ltr'><em>ἂν</em></span> <span class='ocrx_word' id='word_1_164' title='bbox 1815 1754 1866 1806; x_wconf 85' lang='grc' dir='ltr'><em>τὶ</em></span> 
     </span>
     <span class='ocr_line' id='line_1_21' title="bbox 202 1833 1863 1906; baseline -0.002 -16"><span class='ocrx_word' id='word_1_165' title='bbox 202 1840 463 1906; x_wconf 83' lang='grc' dir='ltr'><em>φαίνηται</em></span> <span class='ocrx_word' id='word_1_166' title='bbox 481 1838 657 1905; x_wconf 86' lang='grc' dir='ltr'><em>λέγων</em></span> <span class='ocrx_word' id='word_1_167' title='bbox 677 1833 705 1891; x_wconf 88' lang='grc' dir='ltr'>ὁ</span> <span class='ocrx_word' id='word_1_168' title='bbox 728 1834 1094 1906; x_wconf 79' lang='grc' dir='ltr'><em>ἀμφισβητῶν</em></span> <span class='ocrx_word' id='word_1_169' title='bbox 1115 1838 1259 1906; x_wconf 80' lang='grc' dir='ltr'><em>ἐμοί,</em></span> <span class='ocrx_word' id='word_1_170' title='bbox 1281 1833 1386 1905; x_wconf 70' lang='grc' dir='ltr'><em>ἐγώ</em></span> <span class='ocrx_word' id='word_1_171' title='bbox 1409 1840 1625 1903; x_wconf 74' lang='grc' dir='ltr'><em>πρῶτος</em></span> <span class='ocrx_word' id='word_1_172' title='bbox 1646 1851 1863 1904; x_wconf 77' lang='grc' dir='ltr'><em>συγχω-</em></span> 
     </span>
     <span class='ocr_line' id='line_1_22' title="bbox 199 1916 1864 1988; baseline -0.001 -17"><span class='ocrx_word' id='word_1_173' title='bbox 199 1916 451 1988; x_wconf 82' lang='grc' dir='ltr'><em>ρήσομαι.</em></span> <span class='ocrx_word' id='word_1_174' title='bbox 510 1918 650 1986; x_wconf 84' lang='grc' dir='ltr'><em>λέγω</em></span> <span class='ocrx_word' id='word_1_175' title='bbox 671 1920 857 1987; x_wconf 85' lang='grc' dir='ltr'><em>μέντοι</em></span> <span class='ocrx_word' id='word_1_176' title='bbox 876 1922 1074 1985; x_wconf 82' lang='grc' dir='ltr'><em>ταῦτα,</em></span> <span class='ocrx_word' id='word_1_177' title='bbox 1115 1921 1164 1972; x_wconf 84' lang='grc' dir='ltr'><em>εἰ</em></span> <span class='ocrx_word' id='word_1_178' title='bbox 1178 1919 1328 1971; x_wconf 88' lang='grc' dir='ltr'><em>δοκεῖ</em></span> <span class='ocrx_word' id='word_1_179' title='bbox 1353 1920 1548 1986; x_wconf 83' lang='grc' dir='ltr'><em>χρῆναι</em></span> <span class='ocrx_word' id='word_1_180' title='bbox 1568 1919 1864 1983; x_wconf 89' lang='grc' dir='ltr'><em>διαπεραν-</em></span> 
     </span>
     <span class='ocr_line' id='line_1_23' title="bbox 195 1996 1863 2070; baseline -0.001 -16"><span class='ocrx_word' id='word_1_181' title='bbox 195 2006 369 2070; x_wconf 82' lang='grc' dir='ltr'><em>θῆναι</em></span> <span class='ocrx_word' id='word_1_182' title='bbox 386 1998 487 2056; x_wconf 84' lang='grc' dir='ltr'><em>τὸν</em></span> <span class='ocrx_word' id='word_1_183' title='bbox 507 1999 700 2069; x_wconf 88' lang='grc' dir='ltr'><em>λόγον·</em></span> <span class='ocrx_word' id='word_1_184' title='bbox 760 1999 885 2055; x_wconf 78' lang='grc' dir='ltr'><em>εἰδὲ</em></span> <span class='ocrx_word' id='word_1_185' title='bbox 914 1997 986 2070; x_wconf 79' lang='grc' dir='ltr'><em>μὴ</em></span> <span class='ocrx_word' id='word_1_186' title='bbox 1009 1998 1315 2070; x_wconf 84' lang='grc' dir='ltr'><em>βούλεσθε,</em></span> <span class='ocrx_word' id='word_1_187' title='bbox 1354 2000 1531 2069; x_wconf 73' lang='grc' dir='ltr'><em>ἐῶμεν</em></span> <span class='ocrx_word' id='word_1_188' title='bbox 1562 1996 1626 2069; x_wconf 83' lang='grc' dir='ltr'><em>δὴ</em></span> <span class='ocrx_word' id='word_1_189' title='bbox 1654 2005 1863 2069; x_wconf 87' lang='grc' dir='ltr'><em>χαίρειν</em></span> 
     </span>
     <span class='ocr_line' id='line_1_24' title="bbox 194 2080 568 2153; baseline 0.003 -16"><span class='ocrx_word' id='word_1_190' title='bbox 194 2087 282 2137; x_wconf 87' lang='grc' dir='ltr'><em>καὶ</em></span> <span class='ocrx_word' id='word_1_191' title='bbox 309 2080 568 2153; x_wconf 73' lang='grc' dir='ltr'><em>ἀπίωμεν.</em></span> 
     </span>
    </p>

    <p class='ocr_par' dir='ltr' id='par_1_8' title="bbox 335 2157 1865 2236">
     <span class='ocr_line' id='line_1_25' title="bbox 335 2157 1865 2236; baseline -0.003 -16"><span class='ocrx_word' id='word_1_192' title='bbox 335 2169 387 2219; x_wconf 91' lang='grc' dir='ltr'><strong><em>Γ</em></strong></span> <span class='ocrx_word' id='word_1_193' title='bbox 385 2170 491 2220; x_wconf 89' lang='grc' dir='ltr'><em>ΟΡ.</em></span> <span class='ocrx_word' id='word_1_194' title='bbox 543 2163 675 2220; x_wconf 86' lang='grc' dir='ltr'><em>Ἀλλ’</em></span> <span class='ocrx_word' id='word_1_195' title='bbox 700 2167 817 2236; x_wconf 82' lang='grc' dir='ltr'><em>ἐμοὶ</em></span> <span class='ocrx_word' id='word_1_196' title='bbox 835 2164 936 2235; x_wconf 77' lang='grc' dir='ltr'><em>μὲν</em></span> <span class='ocrx_word' id='word_1_197' title='bbox 960 2161 1028 2219; x_wconf 80' lang='grc' dir='ltr'><em>οὐ</em></span> <span class='ocrx_word' id='word_1_198' title='bbox 1050 2166 1224 2232; x_wconf 84' lang='grc' dir='ltr'><em>δοκεῖ,</em></span> <span class='ocrx_word' id='word_1_199' title='bbox 1266 2157 1310 2218; x_wconf 73' lang='grc' dir='ltr'><em>ὦ</em></span> <span class='ocrx_word' id='word_1_200' title='bbox 1330 2160 1644 2232; x_wconf 78' lang='grc' dir='ltr'><em>Σώκρατες,</em></span> <span class='ocrx_word' id='word_1_201' title='bbox 1666 2166 1865 2231; x_wconf 85' lang='grc' dir='ltr'><em>χρῆναί</em></span> 
     </span>
    </p>

    <p class='ocr_par' dir='ltr' id='par_1_9' title="bbox 133 2243 1861 2475">
     <span class='ocr_line' id='line_1_26' title="bbox 133 2243 1861 2317; baseline -0.003 -14"><span class='ocrx_word' id='word_1_202' title='bbox 133 2262 166 2303; x_wconf 91' lang='grc' dir='ltr'>Β</span> <span class='ocrx_word' id='word_1_203' title='bbox 198 2266 281 2300; x_wconf 86' lang='grc' dir='ltr'><em>πω</em></span> <span class='ocrx_word' id='word_1_204' title='bbox 302 2243 523 2302; x_wconf 78' lang='grc' dir='ltr'><em>ἀπιέναι</em></span> <span class='ocrx_word' id='word_1_205' title='bbox 537 2289 552 2317; x_wconf 83' lang='grc'><strong>,</strong></span> <span class='ocrx_word' id='word_1_206' title='bbox 591 2245 729 2303; x_wconf 77' lang='grc' dir='ltr'><em>ἀλλὰ</em></span> <span class='ocrx_word' id='word_1_207' title='bbox 751 2251 1053 2313; x_wconf 78' lang='grc' dir='ltr'><em>διεξελθεῖν</em></span> <span class='ocrx_word' id='word_1_208' title='bbox 1074 2262 1134 2299; x_wconf 89' lang='grc' dir='ltr'><em>σε</em></span> <span class='ocrx_word' id='word_1_209' title='bbox 1155 2243 1253 2299; x_wconf 85' lang='grc' dir='ltr'><em>τὸν</em></span> <span class='ocrx_word' id='word_1_210' title='bbox 1273 2243 1444 2313; x_wconf 87' lang='grc' dir='ltr'><em>λόγον</em></span> <span class='ocrx_word' id='word_1_211' title='bbox 1460 2266 1472 2278; x_wconf 87' lang='grc'>·</span> <span class='ocrx_word' id='word_1_212' title='bbox 1524 2248 1776 2314; x_wconf 89' lang='grc' dir='ltr'><em>φαίνεται</em></span> <span class='ocrx_word' id='word_1_213' title='bbox 1797 2245 1861 2298; x_wconf 88' lang='grc' dir='ltr'><em>δέ</em></span> 
     </span>
     <span class='ocr_line' id='line_1_27' title="bbox 194 2321 1861 2400; baseline -0.002 -19"><span class='ocrx_word' id='word_1_214' title='bbox 194 2349 288 2396; x_wconf 90' lang='grc' dir='ltr'><em>μοι</em></span> <span class='ocrx_word' id='word_1_215' title='bbox 307 2329 396 2382; x_wconf 85' lang='grc' dir='ltr'><em>καὶ</em></span> <span class='ocrx_word' id='word_1_216' title='bbox 416 2340 526 2393; x_wconf 86' lang='grc' dir='ltr'><em>τοῖς</em></span> <span class='ocrx_word' id='word_1_217' title='bbox 540 2327 726 2394; x_wconf 75' lang='grc' dir='ltr'><em>ἄλλοις</em></span> <span class='ocrx_word' id='word_1_218' title='bbox 742 2333 939 2385; x_wconf 87' lang='grc' dir='ltr'><em>δοκεῖν.</em></span> <span class='ocrx_word' id='word_1_219' title='bbox 981 2328 1254 2400; x_wconf 88' lang='grc' dir='ltr'><em>βούλομαι</em></span> <span class='ocrx_word' id='word_1_220' title='bbox 1273 2325 1380 2397; x_wconf 76' lang='grc' dir='ltr'><em>γὰρ</em></span> <span class='ocrx_word' id='word_1_221' title='bbox 1398 2330 1568 2396; x_wconf 86' lang='grc' dir='ltr'><em>ἔγωγε</em></span> <span class='ocrx_word' id='word_1_222' title='bbox 1589 2326 1677 2380; x_wconf 88' lang='grc' dir='ltr'><em>καὶ</em></span> <span class='ocrx_word' id='word_1_223' title='bbox 1695 2321 1861 2387; x_wconf 80' lang='grc' dir='ltr'><em>αὐτὸς</em></span> 
     </span>
     <span class='ocr_line' id='line_1_28' title="bbox 196 2406 1385 2475; baseline 0.001 -13"><span class='ocrx_word' id='word_1_224' title='bbox 196 2406 436 2464; x_wconf 74' lang='grc' dir='ltr'><em>ἀκοῦσαί</em></span> <span class='ocrx_word' id='word_1_225' title='bbox 452 2426 556 2465; x_wconf 89' lang='grc' dir='ltr'><em>σου</em></span> <span class='ocrx_word' id='word_1_226' title='bbox 575 2408 753 2466; x_wconf 81' lang='grc' dir='ltr'><em>αὐτοῦ</em></span> <span class='ocrx_word' id='word_1_227' title='bbox 774 2411 1010 2475; x_wconf 89' lang='grc' dir='ltr'><em>διιόντος</em></span> <span class='ocrx_word' id='word_1_228' title='bbox 1031 2410 1095 2466; x_wconf 77' lang='grc' dir='ltr'><em>τά</em></span> <span class='ocrx_word' id='word_1_229' title='bbox 1118 2413 1385 2466; x_wconf 81' lang='grc' dir='ltr'><em>ἐπίλοιπα.</em></span> 
     </span>
    </p>

    <p class='ocr_par' dir='ltr' id='par_1_10' title="bbox 188 2487 1868 2890">
     <span class='ocr_line' id='line_1_29' title="bbox 333 2487 1855 2564; baseline -0.001 -20"><span class='ocrx_word' id='word_1_230' title='bbox 333 2496 456 2545; x_wconf 75' lang='grc' dir='ltr'><em>ΣΩ.</em></span> <span class='ocrx_word' id='word_1_231' title='bbox 511 2490 670 2547; x_wconf 79' lang='grc' dir='ltr'><em>Ἀλλὰ</em></span> <span class='ocrx_word' id='word_1_232' title='bbox 689 2496 791 2563; x_wconf 80' lang='grc' dir='ltr'><em>μὲν</em></span> <span class='ocrx_word' id='word_1_233' title='bbox 810 2492 878 2563; x_wconf 81' lang='grc' dir='ltr'><em>δή</em></span> <span class='ocrx_word' id='word_1_234' title='bbox 890 2535 904 2562; x_wconf 87' lang='grc'>,</span> <span class='ocrx_word' id='word_1_235' title='bbox 940 2487 984 2547; x_wconf 71' lang='grc' dir='ltr'><em>ὦ</em></span> <span class='ocrx_word' id='word_1_236' title='bbox 1005 2498 1242 2564; x_wconf 77' lang='grc' dir='ltr'><em>Γοργία,</em></span> <span class='ocrx_word' id='word_1_237' title='bbox 1273 2494 1362 2547; x_wconf 83' lang='grc' dir='ltr'><em>καὶ</em></span> <span class='ocrx_word' id='word_1_238' title='bbox 1383 2488 1550 2555; x_wconf 82' lang='grc' dir='ltr'><em>αὐτὸς</em></span> <span class='ocrx_word' id='word_1_239' title='bbox 1565 2488 1735 2560; x_wconf 85' lang='grc' dir='ltr'><em>ἡδέως</em></span> <span class='ocrx_word' id='word_1_240' title='bbox 1754 2490 1855 2558; x_wconf 79' lang='grc' dir='ltr'><em>μὲν</em></span> 
     </span>
     <span class='ocr_line' id='line_1_30' title="bbox 192 2566 1858 2647; baseline 0.001 -24"><span class='ocrx_word' id='word_1_241' title='bbox 192 2566 265 2623; x_wconf 72' lang='grc' dir='ltr'><em>ἂν</em></span> <span class='ocrx_word' id='word_1_242' title='bbox 291 2575 592 2626; x_wconf 87' lang='grc' dir='ltr'><em>Καλλικλεῖ</em></span> <span class='ocrx_word' id='word_1_243' title='bbox 612 2573 786 2647; x_wconf 77' lang='grc' dir='ltr'><em>τούτῳ</em></span> <span class='ocrx_word' id='word_1_244' title='bbox 812 2579 895 2629; x_wconf 84' lang='grc' dir='ltr'><em>’ἔτι</em></span> <span class='ocrx_word' id='word_1_245' title='bbox 923 2576 1274 2646; x_wconf 81' lang='grc' dir='ltr'><em>διελεγόμην,</em></span> <span class='ocrx_word' id='word_1_246' title='bbox 1315 2576 1416 2637; x_wconf 79' lang='grc' dir='ltr'><em>ἕως</em></span> <span class='ocrx_word' id='word_1_247' title='bbox 1445 2570 1596 2644; x_wconf 76' lang='grc' dir='ltr'><em>αὐτῷ</em></span> <span class='ocrx_word' id='word_1_248' title='bbox 1626 2569 1728 2641; x_wconf 85' lang='grc' dir='ltr'><em>τὴν</em></span> <span class='ocrx_word' id='word_1_249' title='bbox 1757 2575 1858 2625; x_wconf 87' lang='grc' dir='ltr'><em>τοῦ</em></span> 
     </span>
     <span class='ocr_line' id='line_1_31' title="bbox 188 2648 1868 2727; baseline 0.002 -23"><span class='ocrx_word' id='word_1_250' title='bbox 188 2648 481 2720; x_wconf 83' lang='grc' dir='ltr'><em>Ἀμφίονος</em></span> <span class='ocrx_word' id='word_1_251' title='bbox 510 2650 765 2709; x_wconf 71' lang='grc' dir='ltr'><em>ἀπέδωκα</em></span> <span class='ocrx_word' id='word_1_252' title='bbox 798 2657 960 2726; x_wconf 80' lang='grc' dir='ltr'><em>ῥῆσιν</em></span> <span class='ocrx_word' id='word_1_253' title='bbox 992 2655 1114 2712; x_wconf 84' lang='grc' dir='ltr'><em>άντὶ</em></span> <span class='ocrx_word' id='word_1_254' title='bbox 1144 2663 1238 2727; x_wconf 78' lang='grc' dir='ltr'><em>τῆς</em></span> <span class='ocrx_word' id='word_1_255' title='bbox 1266 2663 1368 2711; x_wconf 82' lang='grc' dir='ltr'><em>τοῦ</em></span> <span class='ocrx_word' id='word_1_256' title='bbox 1395 2655 1618 2725; x_wconf 83' lang='grc' dir='ltr'><em>Ζήθου”</em></span> <span class='ocrx_word' id='word_1_257' title='bbox 1668 2653 1868 2723; x_wconf 82' lang='grc' dir='ltr'><em>ἐπειδὴ</em></span> 
     </span>
     <span class='ocr_line' id='line_1_32' title="bbox 193 2728 1855 2807; baseline 0.002 -20"><span class='ocrx_word' id='word_1_258' title='bbox 193 2732 251 2788; x_wconf 75' lang='grc' dir='ltr'><em>δὲ</em></span> <span class='ocrx_word' id='word_1_259' title='bbox 272 2733 370 2804; x_wconf 79' lang='grc' dir='ltr'><em>σύ,</em></span> <span class='ocrx_word' id='word_1_260' title='bbox 395 2728 438 2788; x_wconf 70' lang='grc' dir='ltr'><em>ὦ</em></span> <span class='ocrx_word' id='word_1_261' title='bbox 458 2740 807 2807; x_wconf 79' lang='grc' dir='ltr'><em>Καλλίκλεις,</em></span> <span class='ocrx_word' id='word_1_262' title='bbox 829 2735 930 2791; x_wconf 82' lang='grc' dir='ltr'><em>οὐκ</em></span> <span class='ocrx_word' id='word_1_263' title='bbox 951 2740 1159 2803; x_wconf 85' lang='grc' dir='ltr'><em>ἐθέλεις</em></span> <span class='ocrx_word' id='word_1_264' title='bbox 1179 2742 1613 2805; x_wconf 80' lang='grc' dir='ltr'><em>συνδιαπερὸἷναι</em></span> <span class='ocrx_word' id='word_1_265' title='bbox 1632 2733 1731 2790; x_wconf 80' lang='grc' dir='ltr'><em>τὸν</em></span> <span class='ocrx_word' id='word_1_266' title='bbox 1760 2735 1855 2790; x_wconf 89' lang='grc' dir='ltr'><em>λό-</em></span> 
     </span>
     <span class='ocr_line' id='line_1_33' title="bbox 191 2810 1852 2890; baseline 0.001 -20"><span class='ocrx_word' id='word_1_267' title='bbox 191 2837 321 2888; x_wconf 83' lang='grc' dir='ltr'><em>γον,</em></span> <span class='ocrx_word' id='word_1_268' title='bbox 361 2814 472 2872; x_wconf 79' lang='grc' dir='ltr'><em>ἄλλ’</em></span> <span class='ocrx_word' id='word_1_269' title='bbox 500 2810 604 2872; x_wconf 74' lang='grc' dir='ltr'><em>οὖν</em></span> <span class='ocrx_word' id='word_1_270' title='bbox 625 2819 759 2887; x_wconf 86' lang='grc' dir='ltr'><em>ἐμοῦ</em></span> <span class='ocrx_word' id='word_1_271' title='bbox 789 2839 851 2887; x_wconf 91' lang='grc' dir='ltr'><em>γε</em></span> <span class='ocrx_word' id='word_1_272' title='bbox 883 2817 1104 2875; x_wconf 78' lang='grc' dir='ltr'><em>ἀκούων</em></span> <span class='ocrx_word' id='word_1_273' title='bbox 1135 2819 1540 2890; x_wconf 87' lang='grc' dir='ltr'><em>ἐπιλαμβάνου,</em></span> <span class='ocrx_word' id='word_1_274' title='bbox 1584 2816 1679 2873; x_wconf 88' lang='grc' dir='ltr'><em>ἐάν</em></span> <span class='ocrx_word' id='word_1_275' title='bbox 1700 2822 1752 2872; x_wconf 89' lang='grc' dir='ltr'><em>τί</em></span> <span class='ocrx_word' id='word_1_276' title='bbox 1770 2835 1852 2872; x_wconf 86' lang='grc' dir='ltr'><em>σοι</em></span> 
     </span>
    </p>
   </div>
  </div>
 </body>
</html>
