1962 3112
38 0 92 33 ,φ-

32 126 105 172 '⁴77
590 116 758 164 ΠΡΩ
777 116 1163 164 ΤΑΓΟΡΑΣ.
1630 112 1731 166 165

38 254 184 311 ’ἄττα
203 252 371 320 εἷναι;
407 255 583 322 Λέγω.
632 244 740 320 Αρ’
763 242 894 319 οὖν,
916 242 1060 320 ἧνδ’
1083 244 1219 319 ἐγώ,
1241 247 1391 304 ταῦτ’
1414 249 1562 307 ἐστὶν
1593 240 1733 318 ἄγα-

7 363 9 367 ·
26 335 157 407 θά,
195 359 230 391 α
204 335 398 391 ”έστιν
419 332 669 405 ὠφέλιμα
699 343 813 397 τοῖς
842 329 1196 402 άνθρώποις;
1253 330 1363 386 Καὶ
1394 330 1486 386 ναὶ
1513 329 1585 400 μά
1619 326 1729 397 Δί’,

36 425 180 513 fon,
237 415 346 475 κᾶν
391 416 466 490 μὴ
502 429 614 482 τοῖς
651 413 973 484 ἀνθρώποις
1018 411 1264 485 ωφέλιμα
1299 406 1361 486 ᾗ,
1417 417 1590 484 ἔγωγε
1626 434 1728 466 κα-
1760 423 1792 463 E

0 530 9 559 ·.
36 500 132 557 λῶ
173 499 379 571 ἀγαθά.
455 504 551 555 καί
574 521 668 570 μοι
706 497 886 554 ἐδόκει
931 493 961 551 6
998 495 1373 566 Πρωταγόρας
1399 494 1506 567 ἤδη
1535 516 1730 564 τετρα-

23 584 260 655 χύνθαι
291 605 347 638 τε
374 585 464 638 καὶ
493 580 744 655 ἆγωνιᾷν
773 580 865 635 καὶ
894 578 1307 649 παρατετάχθαι
1336 579 1474 650 πρὸς
1493 576 1553 633 τὸ
1587 575 1728 633 ἄπο-

0 690 4 694 ·
24 671 360 735 κρίνεσθαι·
393 665 579 736 ἐπειδὴ
603 658 710 720 οὖν
730 663 922 734 ἑώρων
939 657 1112 717 αὐτὸν
1130 659 1308 727 οὕτως
1328 667 1538 733 ἔχοντα,
1562 659 1729 717 εὐλα-

0 779 5 801 ;
42 749 319 821 βούμενος
338 747 510 820 ἠρέμα
530 747 762 819 ἠρόμην.
819 743 1099 814 Πότερον,
1129 737 1204 816 ἦν
1224 742 1276 798 δ’
1301 744 1435 816 ἐγώ,
1457 748 1725 815 λέγεις,ω

42 833 406 905 Πρωταγόρα,
420 829 453 886 ἁ
444 830 664 902 μηδενὶ
682 827 1008 899 ἀνθρώπων
1026 824 1277 897 ωφέλιμά
1297 822 1514 896 ἐστιν,“
1477 850 1510 899 η
1535 823 1568 881 ἁ
1562 826 1726 898 μηδε
1756 842 1843 888 334

44 914 104 971 τὸ
126 914 390 986 παράπαν
422 913 696 985 ὥφέλιμα;
734 915 826 969 καὶ
852 909 919 967 τὰ
949 916 1180 966 τοιαῦτα
1203 909 1275 964 σύ
1303 907 1492 980 ἄγαθα
1513 917 1724 976 καλεῖς;

17 995 346 1068 ιΟὐδαμῶς,
402 1001 534 1068 ἔφη·
599 994 715 1052 ἀλλ’
755 1001 926 1066 ἔγωγε
963 994 1142 1050 πολλοὶ
1180 992 1288 1050 οἷδ’
1328 992 1364 1049 α’
1402 992 1728 1064 ἀνθρώποις

0 1081 144 1154 ..μὲν
163 1078 427 1151 ἀνωφελῆ
458 1082 597 1147 ἐστι’,
636 1081 726 1134 καὶ
763 1083 905 1135 σιτία
933 1080 1025 1134 καὶ
1059 1076 1199 1133 ποτα
1231 1080 1322 1134 καὶ
1341 1079 1609 1150 φάρμακα
1628 1081 1720 1134 καὶ

0 1229 1 1238 ¹
39 1162 179 1220 ἄλλα
198 1171 395 1235 μυρία,
424 1162 491 1218 τὰ
516 1167 579 1218 δέ
597 1183 657 1231 γε
677 1161 949 1234 ωφελιμα·
985 1185 1050 1217 τα
1073 1162 1133 1219 δε
1152 1160 1476 1231 ἀνθρώποις
1495 1163 1598 1233 μὲν
1622 1160 1724 1217 οὐ-

16 1248 317 1317 δέτερα,”
291 1267 478 1312 ιπποις
509 1247 591 1302 δέ·
630 1244 695 1302 τὰ
717 1246 776 1302 δὲ
794 1248 959 1318 βουσὶ
977 1245 1185 1316 μόνον,
1206 1243 1272 1300 τὰ
1295 1244 1355 1300 δε
1374 1253 1527 1301 κυσί·
1562 1268 1630 1301 τα
1665 1250 1726 1302 δέ

37 1351 100 1400 γε
129 1327 343 1384 τούτων
372 1330 474 1401 μὲν
502 1327 716 1398 οὐδενί,
756 1332 1006 1398 δένδροις
1037 1331 1119 1384 δέ·
1158 1329 1224 1383 τὰ
1259 1327 1318 1383 δε
1346 1336 1449 1384 τοῦ
1483 1332 1722 1401 δένδρου

14 1423 155 1476 ταῖς
171 1412 274 1482 μὲν
292 1414 460 1483 ῥίζαις
480 1409 699 1484 ἀγαθά,
721 1424 837 1477 ταῖς
855 1411 914 1468 δὲ
931 1410 1195 1483 βλάσταις
1214 1413 1460 1484 πονηρά,
1484 1410 1610 1470 οἷον
1628 1416 1720 1471 καὶ

38 1492 72 1566 ἡ
109 1494 346 1565 κόπρος,
383 1494 613 1551 πάντων
641 1501 756 1551 τῶν
791 1501 989 1567 φυτιὸν
1017 1506 1133 1560 ταῖς
1162 1494 1266 1566 μεν
1302 1497 1470 1566 ρίζαις
1498 1494 1720 1566 ἀγαθὸν
1752 1510 1783 1550 Β

38 1581 521 1650 παραβαλλομένη,
535 1583 584 1635 εἰ
602 1576 651 1634 δ’
683 1579 899 1643 ἐθέλοις
918 1579 1004 1634 ἐπὶ
1021 1576 1151 1643 τοὺς
1171 1577 1458 1648 πτόρθους
1479 1583 1570 1635 καὶ
1590 1581 1722 1647 τούς

39 1667 202 1726 νέους
221 1667 438 1727 κλῶνας
457 1661 799 1733 ἐπιβάλλειν,
833 1660 1012 1716 πάντα
1032 1659 1339 1717 ἀπόλλυσιν
1353 1683 1363 1694 ·
1402 1664 1517 1718 ἐπεὶ
1546 1665 1637 1719 καὶ
1656 1663 1717 1720 τὸ

37 1747 224 1799 ἔλαιον
258 1756 372 1810 τοῖς
400 1743 502 1816 μὲν
532 1756 729 1815 φυτοῖς
757 1743 965 1800 ἅπασίν
994 1747 1106 1799 ἐστι
1146 1744 1438 1815 πάγκακον
1475 1747 1565 1801 καὶ
1599 1758 1718 1812 ταῖς

32 1828 186 1894 θριξὶ
204 1827 617 1899 πολεμιώτατον
644 1838 762 1892 ταῖς
790 1833 906 1881 τῶν
923 1827 1111 1883 ἄλλων
1131 1827 1284 1894 ζώων
1316 1826 1460 1899 πλὴν
1480 1839 1598 1893 ταῖς
1615 1834 1718 1884 τοῦ

6 1950 10 1959 ,
35 1904 377 1978 ἀνθρώπου,
416 1919 534 1973 ταῖς
562 1908 622 1965 δὲ
647 1914 749 1964 τοῦ
778 1906 1090 1978 ἀνθρώπου
1111 1907 1335 1980 άγωγόν
1355 1912 1445 1966 καὶ
1463 1920 1544 1985 τῷ
1564 1909 1713 1985 ἄλλῳ

0 1985 9 2054 Q
34 1988 261 2061 σώματι.
322 1988 469 2045 οὕτω
499 1993 558 2046 δὲ
587 1996 841 2047 ποικίλον
861 1996 918 2047 τί
938 1994 1051 2048 ἐστι
1068 1991 1129 2049 τὸ
1155 1991 1377 2063 άγαθόν
1395 1996 1484 2049 καὶ
1505 2013 1712 2049 παντο-

0 2070 9 2087 *
34 2070 242 2142 δαπόν,
284 2070 425 2128 ὥστε
453 2076 545 2129 καὶ
578 2076 828 2130 ἐνταῦθα
855 2086 969 2140 τοῖς
988 2076 1089 2147 μὲν
1109 2078 1320 2142 ἔξωθεν
1337 2082 1440 2132 τοῦ
1459 2076 1713 2147 σώματος

0 2201 2 2215 ,
34 2149 261 2223 άγαθόν
278 2155 391 2209 ἐστι
408 2161 484 2229 τῷ
505 2153 820 2231 ἀνθρώπω,
850 2169 965 2222 τοῖς
984 2156 1036 2213 δ’
1060 2157 1213 2224 ἐντὸς
1232 2157 1400 2214 ταύτὸ
1424 2166 1589 2214 τοῦτο
1610 2158 1713 2214 κά-
1748 2160 1779 2202 C

4 2251 250 2292 μ’κιστον
274 2238 366 2292 καὶ
385 2239 475 2293 διὰ
494 2245 658 2295 τοῦτο
678 2243 736 2295 οἱ
751 2242 928 2309 ἰατροὶ
949 2242 1149 2306 πάντες
1167 2239 1582 2311 ἀπαγορεύουσι
1599 2253 1713 2307 τοῖς

3 2315 340 2375 α’·σθενοῦσι
360 2318 434 2391 μή
463 2326 707 2393 χρῆσθαι
730 2324 921 2397 ἐλαίω,
951 2322 1064 2380 ἀλλ’
1088 2321 1125 2395 ἦ
1152 2323 1184 2380 ὅ
1213 2347 1264 2380 τι
1284 2324 1629 2400 σμικροτάτῳ
1650 2328 1712 2382 ἐν

2 2402 245 2467 ’τούτοις
273 2398 355 2468 οἷς
394 2406 579 2475 μέλλει
607 2409 859 2476 loevam,
898 2405 1037 2462 ὅσον
1065 2408 1244 2478 μόνον
1263 2406 1364 2479 τὴν
1387 2411 1712 2479 δυσχέρειαν
1751 2448 1756 2453 -

2 2490 361 2558 «κατασβέσαι
396 2487 500 2558 τὴν
535 2489 623 2543 ἐπὶ
659 2500 774 2554 ταῖς
804 2490 1098 2560 αἰσθήσεσι
1127 2502 1243 2556 ταῖς
1274 2489 1363 2546 δια
1395 2514 1507 2546 των
1537 2494 1709 2562 ῥινῶν

0 2594 5 2618 ι
29 2573 362 2642 γιγνομένην
382 2573 444 2627 ἐν
461 2582 575 2636 τοῖς
594 2576 785 2636 σιτίοις
803 2594 859 2629 τε
878 2572 1022 2629 anast
989 2585 1162 2639 οψοις.

170 2655 327 2711 xxn.
403 2653 681 2719 Εἰπόντος
700 2647 806 2709 οὖν
824 2661 997 2711 ταῦτα
1019 2654 1196 2711 αὐτοῦ
1217 2659 1272 2711 οἰ
1288 2656 1557 2727 παρόντες
1577 2654 1709 2711 ἆνε-

0 2732 360 2805 ’ῑθορύβησαν
389 2733 463 2802 ὥς
493 2730 560 2792 εὖ
590 2738 767 2807 λέγοι·
806 2739 897 2793 καὶ
918 2738 1024 2809 ἐγώ
1045 2737 1225 2795 εἷπον·
1258 2732 1323 2794 Ὠ
1343 2739 1709 2809 Πρωταγόρα,

0 2839 4 2854 ·
28 2812 134 2885 ἐγώ
156 2816 412 2888 τυγχάνω
441 2819 760 2892 ἐπιλήσμων
789 2843 869 2886 τις
899 2816 979 2876 ὧν
1009 2820 1342 2891 ἄνθρωπος,
1381 2822 1471 2876 καὶ
1501 2820 1601 2876 ἐάν
1631 2825 1709 2884 τίς
