2020 3094
247 161 316 213 50
416 210 424 212 ,,
848 161 1326 209 ΠΛΑΤΩΝΟΣ

249 307 607 366 τεκμαίρομαι
641 294 698 350 δὲ
728 297 957 349 ἐνθένδε
978 314 988 324 ·
1029 291 1226 363 σχεδὸν
1255 294 1363 363 γάρ
1395 315 1445 348 τι
1465 291 1614 363 οἶδα,
1654 286 1700 347 (ὅ
1719 294 1920 364 Λάχης,

251 375 334 434 ὅτι
364 384 478 432 τῶν
504 377 655 431 πάνυ
683 382 870 431 καλῶν
893 373 1231 446 πραγμάτων
1255 372 1374 445 ἡγεῖ
1394 371 1466 429 σύ
1485 372 1747 446 ἀνδρείαν
1768 373 1920 430 εἶναι.

387 465 506 514 ΛΑ.
562 451 651 513 Εὖ
669 457 771 527 μὲν
790 449 897 512 οὖν
917 463 1039 511 ἴσθι
1058 454 1144 511 ὅτι
1162 461 1278 511 τῶν
1295 461 1620 512 καλλίστων.

389 545 513 594 ΣΩ.
576 535 856 609 Οὐκοῦνὴ
878 536 979 608 μὲν
996 534 1130 608 μετὰ
1151 538 1477 608 φρονήσεως
1495 542 1753 607 καρτερία
1783 535 1920 607 καλὴ

249 620 495 692 κάγαθή;

389 708 508 758 ΛΑ.
565 702 728 758 Πάνυ
751 724 829 772 γε.

192 793 226 836 D
395 790 517 839 ΣΩ.
579 789 648 839 Τί
661 780 715 839 δ’
736 781 768 854 ἡ
789 781 897 854 μετ’
920 781 1269 853 ἀφροσύνης;
1308 780 1375 837 οὐ
1396 779 1724 837 τούναντίον
1755 770 1926 851 ταύτῃ

250 867 496 941 βλαβεροὶ
517 869 609 923 καὶ
629 873 968 936 κακοῦργος;

389 956 507 1007 ΛΑ.
562 954 689 1004 Ναί.

390 1037 517 1088 Σῼ.
571 1030 766 1086 Καλὸν
786 1022 891 1085 οὖν
909 1051 961 1084 τι
981 1028 1176 1099 φήσεις
1199 1029 1269 1082 σύ
1290 1027 1430 1084 εἶναι
1458 1026 1518 1083 τὸ
1541 1034 1823 1097 τοιοῦτον,
1859 1026 1928 1082 ὂν

249 1114 568 1185 κακοῦργόν
586 1134 643 1168 τε
662 1114 752 1167 καὶ
771 1110 1074 1182 βλαβερόν;

391 1202 509 1251 ΛΑ.
569 1193 801 1250 Οὔκουν
820 1193 1035 1248 δίκαιόν
1053 1214 1116 1263 γε
1130 1235 1145 1263 ,
1167 1185 1213 1247 ὦ
1231 1190 1540 1262 Σώκρατες.

391 1285 516 1336 ΣΩ.
577 1275 698 1334 Οὐκ
726 1276 834 1348 ἄρα
855 1276 959 1347 τήν
978 1298 1040 1346 γε
1070 1276 1333 1347 τοιαύτην
1351 1279 1645 1347 καρτερίαν
1665 1271 1927 1345 ἀνδρείαν
2005 1301 2010 1309 v

249 1359 608 1434 ὁμολογήσεις
629 1358 792 1429 εἶναι,
815 1358 1106 1428 ἐπειδήπερ
1126 1355 1195 1413 οὐ
1214 1356 1353 1427 καλή
1373 1358 1523 1412 ἐστιν
1531 1399 1547 1435 ,
1566 1353 1600 1427 ἡ
1623 1354 1682 1411 δὲ
1700 1352 1927 1424 ἀνδρεία

250 1442 424 1500 καλόν
443 1445 605 1498 ἐστιν.

391 1530 509 1579 ΛΑ.
560 1520 765 1593 Ἀληθῆ
787 1524 973 1590 λέγεις.

395 1610 520 1661 ΣΩ.
570 1602 637 1660 Ἡ
653 1603 926 1675 φρόνιμος
945 1602 1054 1675 ἄρα
1082 1610 1342 1675 καρτερία
1361 1598 1500 1658 κατὰ
1518 1598 1620 1657 τὸν
1637 1601 1738 1657 σὸν
1757 1601 1928 1672 λόγον

252 1689 478 1760 ἀνδρεία
503 1683 575 1743 ἀν
595 1696 693 1758 εἴη.

393 1778 511 1826 ΛΑ.
552 1768 787 1824 ’Έοικεα

193 1865 227 1906 E
396 1858 508 1908 XX.
582 1856 705 1907 ΣΩ.
746 1849 981 1921 Ἴδωμεν
1013 1851 1109 1921 δή,
1147 1847 1181 1920 ἡ
1215 1855 1291 1915 είς
1318 1856 1373 1906 τί
1400 1850 1699 1921 φρόνιμος;
1737 1844 1774 1919 ἢ
1799 1845 1833 1919 ἡ
1855 1852 1930 1913 εἰς

254 1935 471 1991 ἅπαντα
491 1932 668 1990 καὶτὰ
688 1932 896 2004 μεγάλα
914 1929 1090 1988 καὶτὰ
1111 1932 1344 2003 σμικροῖς
1373 1927 1494 1988 οἷον
1515 1939 1568 1988 εί
1579 1953 1660 1996 τις
1678 1941 1928 2001 καρτερεῖ,
1992 1986 1994 1988 ,

255 2017 569 2075 ἀναλίσκων
581 2016 856 2087 ἀργύριον
870 2022 1170 2087 φρονίμως,
1185 2014 1342 2080 εἰδώς
1356 2014 1440 2071 ὅτι
1459 2014 1748 2080 ἀναλώσας
1759 2016 1928 2070 πλέον

255 2100 380 2173 ἐκτή
387 2119 561 2171 σεται,
579 2106 781 2155 τοῦτον
802 2097 1063 2169 ἀνδρεῖον
1081 2105 1266 2164 καλοῖς
1288 2097 1386 2164 &zm

394 2189 512 2239 AA.
568 2181 671 2238 Μά
691 2181 786 2239 Δί’
812 2180 914 2238 οὐκ
935 2187 1121 2252 ἔγωγε.

394 2270 518 2321 ΣΩ.
568 2262 704 2320 Ἀλλ’
725 2260 846 2320 οἷον
867 2272 1012 2328 εἴτις
1032 2265 1215 2332 ἰατρὸς
1239 2262 1346 2334 ὤν,
1379 2266 1809 2334 περιπλευμονίᾳ
1828 2266 1929 2316 τοῦ
2012 2247 2020 2285 ³³

255 2351 402 2411 υἱέος
421 2349 686 2418 ἐχομένου
704 2342 740 2418 ἦ
760 2345 936 2402 ἄλλον
950 2345 1099 2411 τινὸς
1115 2349 1206 2401 καὶ
1227 2349 1494 2416 δεομένου
1513 2355 1656 2399 πιεῖν
1673 2339 1711 2414 ἦ
1730 2352 1929 2413 φαγεῖν
2009 2359 2020 2395 ,·

152 2443 232 2488 193
256 2433 479 2499 δοῦναι,
508 2428 581 2501 μὴ
604 2431 904 2501 κάμπτοιτο
928 2427 1068 2484 ἀλλά
1088 2439 1370 2499 καρτεροῖ;

397 2518 514 2568 ΛΑ.
581 2512 721 2569 Οὐδ’
747 2511 1064 2569 ὁπωστιοῦν
1083 2509 1207 2566 οὐδ’
1230 2509 1384 2581 αὕτη.

401 2602 526 2652 ΣΩ.
574 2594 713 2652 Ἀλλ’
734 2599 796 2652 ἐν
825 2599 1045 2670 πολέμῳ
1075 2600 1450 2665 καρτεροῦντα
1481 2590 1659 2661 ἄνδρα
1682 2591 1773 2646 καὶ
1800 2591 1929 2645 ἐθέ-

258 2684 425 2733 λοντα
446 2678 746 2748 μάχεσθαι,
786 2684 1071 2750 φρονίμως
1087 2677 1472 2747 λογιζόμενον,
1515 2672 1695 2730 εἰδότα
1724 2675 1824 2743 μὲν
1845 2669 1928 2727 ὅτι

257 2760 640 2830 βοηθήσουσιν
660 2759 818 2814 ἄλλοι
838 2757 1005 2832 αὐτῷ,
1034 2756 1172 2827 πρὸς
1190 2758 1446 2821 ἐλάττους
1466 2755 1524 2812 δὲ
1543 2757 1634 2811 καὶ
1655 2753 1928 2824 φαυλοτέ-
2007 2830 2011 2833 ¹

258 2861 391 2909 ρους
427 2852 671 2911 μαχεῖται
698 2836 735 2910 ἦ
764 2839 885 2910 μεθ’
910 2834 988 2896 ὦν
1019 2839 1186 2904 αὐτός
1216 2842 1391 2910 ἐστιν,
1432 2843 1510 2894 ἔτι
1531 2840 1590 2893 δὲ
1618 2841 1789 2908 χωρία
1819 2839 1926 2905 ἔχει
