1962 3112
244 113 352 166 254
863 116 1036 162 ΠΛΑ
1052 102 1336 163 ΤΩΝοΣ
1862 124 1918 169 56

245 248 577 319 πράττουσι,
616 250 705 302 καὶ
736 249 826 302 ναὶ
857 245 933 316 μοὶ
961 251 1072 301 Διά
1096 244 1232 301 κατὰ
1265 246 1441 317 νόμον
1469 269 1532 317 γε
1561 247 1661 306 τὸν
1688 258 1785 321 τῆς
1805 252 1916 321 φύ-

247 347 401 399 σεως,
424 327 492 385 οὐ
528 332 715 400 μέντοι
752 337 882 393 ἴσως
917 326 1055 382 κατὰ
1095 334 1311 396 τοῦτον,
1343 325 1410 383 ὃν
1437 327 1588 400 ἡμεῖς
1609 335 1915 402 [τιθέμεθα]

246 413 576 475 πλάττοντες
618 409 748 474 τούς
765 415 1082 481 βελτίστους
1118 411 1208 466 καὶ
1228 412 1739 481 ἐρρωμενεστάτους
1756 413 1915 485 ἡμῶν

245 493 462 564 αὐτῶν,
504 497 564 549 ἐκ
583 496 728 548 νέων
758 492 1157 563 λαμβάνοντες,
1181 491 1366 561 ὥσπερ
1386 496 1637 565 λέοντας,
1671 496 1914 594 κατεπά-

126 590 208 632 484
240 581 427 641 δοντές
446 598 503 631 τε
524 578 614 631 καὶ
632 575 990 646 γοητεύοντες
1009 576 1504 646 καταδουλούμεθα
1534 580 1812 649 λέγοντες,
1846 577 1916 643 ὡς

245 660 305 716 τὸ
332 668 455 715 ἴσον
473 657 574 729 χρὴ
596 662 739 727 ε’χειν
768 659 859 712 καὶ
887 657 1054 712 τοῦτό
1074 659 1186 712 ἐστι
1214 657 1275 713 τὸ
1298 658 1472 715 καλὸν
1490 662 1581 715 και
1600 659 1659 715 τὸ
1684 665 1912 716 δίκαιον.

248 742 346 798 ἐὰν
366 745 428 798 δέ
442 764 522 812 γε,
547 740 721 811 οἶμαι,
756 740 929 809 φύσιν
950 739 1151 810 ἱκανὴν
1169 742 1392 812 γένηται
1411 746 1548 811 ἔχων
1569 743 1710 814 ἀνήρ
1725 787 1738 812 ,
1771 744 1915 799 πάν-

245 848 312 881 τα
342 831 515 882 ταῦτα
556 822 990 892 ἀποσεισάμενος
1019 824 1110 877 καὶ
1148 823 1438 894 διαρρήξας
1475 827 1565 879 καὶ
1604 827 1912 897 διαφυγών,

243 906 631 976 καταπατήσας
658 903 725 959 τά
755 903 994 975 ἡμέτερα.
1022 903 1315 975 γράμματα
1352 907 1443 961 καὶ
1481 909 1911 980 μαγγανεύματα

242 992 335 1046 καὶ
354 986 568 1062 ἐπῳδὰς
586 989 677 1043 καὶ
704 987 913 1056 νόμους
941 986 1072 1051 τοὺς
1101 986 1250 1055 παρὰ
1290 987 1463 1058 φύσιν
1499 987 1774 1060 ἅπαντας,
1814 993 1907 1051 ἐπ-

241 1071 483 1135 αναστάς
519 1068 769 1139 ἀνεφάνη
809 1068 1079 1138 δεσπότης
1114 1067 1420 1139 ἡμέτεροςὸ
1445 1074 1670 1143 δοῦλος,
1704 1075 1795 1128 καὶ
1823 1076 1912 1129 2:²21-

174 1181 206 1220 B
240 1161 425 1210 ταῦθα
446 1155 705 1222 ἐξέλαμψε
724 1150 784 1206 τὸ
807 1158 900 1222 τῆς
922 1151 1150 1219 φύσεως
1170 1155 1396 1207 δίκαιον.
1445 1157 1601 1208 δοκεῖ
1623 1158 1687 1209 δέ
1702 1178 1794 1225 μοι
1822 1159 1911 1212 καὶ

238 1240 517 1305 Πίνδαρος
547 1232 686 1305 ἅπερ
714 1232 818 1303 ε’γω
848 1234 988 1302 λέγω
1021 1235 1417 1288 ἐνδείκνυσθαι
1444 1237 1505 1289 ἐν
1526 1242 1603 1305 τῷ
1632 1236 1832 1309 ᾄσματι
1851 1241 1912 1293 ἐν

241 1312 284 1390 ᾧ
306 1319 451 1387 λέγει
472 1315 554 1372 ὅτι
1945 1319 1947 1322 ⁴

495 1398 663 1469 νόμος
682 1395 709 1452 ὁ
731 1398 960 1452 πάντων
976 1395 1238 1467 βασιλεὺς

492 1486 722 1534 θνατῶν
741 1501 797 1534 τε
819 1481 909 1534 καὶ
929 1477 1258 1534 ἀθανάτων·

237 1555 401 1627 οὗτος
421 1563 480 1618 δὲ
500 1562 567 1633 δή
579 1604 595 1632 ‚
618 1568 805 1632 φησίν,

492 1643 611 1713 ἄγει
632 1647 861 1698 δικαιῶν
881 1643 941 1698 τὸ
965 1644 1278 1715 βιαιότατον

493 1724 770 1795 ὑπερτάτᾳ
789 1731 949 1795 χειρί·
990 1734 1348 1797 τεκμαίρομαι

491 1811 734 1877 ἔργοισιν
747 1805 1041 1876 ”Ηρακλεός
1054 1851 1068 1878 ,
1094 1812 1207 1864 ἐπεὶ
1227 1808 1491 1877 άπριάτας
1509 1844 1579 1851 ——-

237 1893 382 1960 λέγει
401 1887 548 1944 οὕτω
568 1909 706 1953 πως·
743 1888 805 1944 τὸ
827 1891 933 1959 γὰρ
954 1884 1109 1962 ᾆσμα
1124 1890 1226 1946 οὐκ
1248 1894 1558 1960 ἐπίσταμαι·
1582 1894 1728 1961 λέγει
1747 1890 1798 1946 δ’
1823 1891 1907 1947 ὅτι

235 1971 364 2028 οὕτε
390 1972 691 2043 πριάμενος
722 1972 851 2028 οὔτε
882 1973 1078 2036 δόντος
1111 1981 1212 2028 τοῦ
1230 1972 1526 2044 Γηρυόνου
1547 1972 1786 2044 η’λάσατο
1807 1973 1905 2040 τὰς

176 2082 207 2125 c
238 2062 403 2127 βοῦς,
443 2052 516 2121 ὦς
543 2055 747 2110 τούτου
767 2053 925 2119 ὄντος
954 2062 1057 2110 τοῦ
1082 2059 1294 2110 δικαίου
1315 2054 1509 2125 φύσει,
1548 2057 1638 2110 καὶ
1658 2061 1794 2126 βοῦς
1813 2057 1904 2111 καὶ

238 2132 410 2194 τᾶλλα
430 2137 676 2208 κτήματα
695 2137 833 2192 εἶναι
852 2136 1029 2192 πάντα
1049 2144 1151 2192 τοῦ
1170 2137 1450 2209 βελτίονός
1468 2159 1524 2191 τε
1552 2139 1641 2191 καὶ
1660 2142 1904 2206 κρείττο-

238 2242 334 2286 νος
351 2220 417 2276 τά
445 2226 558 2275 τῶν
575 2220 845 2290 χειρόνων
861 2242 918 2273 τε
937 2221 1026 2274 καὶ
1046 2218 1312 2289 ἡττόνων.

378 2310 481 2360 XL.
557 2301 630 2357 T6
654 2303 753 2372 μὲν
774 2296 879 2356 οὖν
899 2301 1106 2371 άληθὲς
1126 2302 1299 2367 οὕτως
1320 2308 1450 2372 ἔχει,
1490 2301 1691 2371 γνώσει
1712 2303 1796 2370 δέ,
1831 2298 1903 2355 ἂν

235 2389 320 2443 ἐπὶ
338 2386 404 2441 τά
429 2391 587 2456 μείζω
602 2389 770 2457 ἔλθῃς
790 2385 953 2450 ἐάσας
965 2384 1070 2456 ἤδη
1092 2391 1437 2455 φιλοσοφίαν.
1477 2388 1775 2453 φιλοσοφία
1794 2385 1902 2453 γάρ

234 2478 320 2525 τοί
347 2472 520 2539 ἐστιν,
561 2462 606 2523 (ὅ
636 2468 959 2538 Σώκρατες,
996 2473 1211 2538 χαρίεν,
1247 2467 1317 2522 ἄν
1347 2489 1426 2531 τις
1465 2464 1640 2520 αὐτοῦ
1669 2470 1900 2534 μετρίως
1958 2477 1962 2540 'j

234 2549 436 2620 ἅψηται
466 2553 526 2605 ἐν
555 2557 622 2622 τῇ
649 2548 860 2622 ἡλικία
898 2548 997 2605 ἐαν
1018 2550 1076 2603 δε
1108 2551 1423 2650 περαιτέρω
1432 2552 1534 2601 τοῦ
1565 2548 1783 2608 δέοντος
1808 2547 1901 2599 ἐν·
1960 2585 1962 2615 3

236 2637 519 2704 διατρίψη,
556 2631 841 2702 διαφθορὰ
863 2654 975 2686 των
1006 2630 1343 2701 άνθρωπων.
1396 2627 1493 2685 εἀν
1512 2626 1618 2698 γάρ
1638 2629 1729 2682 καὶ
1748 2626 1897 2682 πάνυ
1960 2625 1962 2709 j

236 2714 447 2786 εὐφυὴς
465 2717 499 2786 ᾗ
525 2717 615 2769 καὶ
635 2714 825 2783 πόρρω
845 2719 941 2784 τῆς
957 2712 1170 2783 ἡλικίας
1189 2716 1495 2783 φιλοσοφῇ,
1516 2707 1729 2780 ἀνάγκη
1751 2709 1896 2764 πάν·

167 2820 203 2862 1)
233 2819 344 2854 των
366 2797 594 2866 ἄπειρον
613 2799 900 2866 γεγονέναι
920 2798 1094 2864 ἐστίν,
1134 2816 1211 2848 ων
1236 2791 1336 2864 χρὴ
1358 2797 1619 2863 ἔμπειρον
1639 2789 1779 2845 εἶναι
1796 2786 1892 2847 τὸν
1960 2798 1962 2849 j
