1994 3100
192 124 224 171 4
375 171 385 173 μ
797 123 1268 172 ΠΛΑΤΩΝΟΣ

195 256 252 310 δὲ
271 253 506 325 πλάγιον
526 254 915 326 κατεβάλομεν.
973 252 1001 310 ὁ
1023 253 1074 310 δ’
1099 255 1285 313 ἐλθών
1305 259 1505 329 μεταξὺ
1535 264 1672 332 ἐμου
1697 284 1754 318 τε
1777 285 1865 318 και

195 343 295 392 τοῦ
315 342 546 405 Κριτίου
566 339 868 403 ἐκαθέζετο.
909 338 1154 394 ἐνταῦθα
1173 342 1388 412 μέντοι,
1409 363 1450 396 ω
1472 347 1614 414 φίλε,
1636 341 1740 414 ἐγώ
1759 343 1865 415 ἤδη

194 419 475 492 ἠπόρουν,
513 425 610 476 καί
634 441 743 518 μου
761 418 794 491 ἡ
827 419 1082 489 πρόσθεν
1106 422 1392 493 θρασύτης
1411 426 1757 495 ἐξεκέκοπτο,
1796 424 1867 498 ἣν

195 501 342 572 εἶχον
361 502 466 571 ἐγώ
492 499 563 566 ὡς
581 502 730 556 πάνυ
749 505 950 575 ῥᾳδίως
968 501 1115 577 αύτῳ
1140 504 1543 576 διαλεξόμενος·
1582 507 1766 579 ἐπειδὴ
1789 512 1864 577 δέ,

197 583 513 653 φράσαντος
542 589 644 638 τοῦ
662 589 895 653 Κριτίου
923 582 1007 640 ὅτι
1035 586 1138 656 ἐγώ
1160 594 1278 657 εἴην
1297 584 1326 642 6
1348 584 1407 642 τὸ
1433 587 1732 660 φάρμακον
1749 592 1867 644 ἐπι-

128 683 161 723 D
195 666 489 738 στάμενος,
525 668 783 739 ἐνέβλεψέ
810 670 873 723 τέ
896 690 990 739 μοι
1017 681 1129 734 τοῖς
1157 667 1469 739 ὀφθαλμοῖς
1498 667 1781 742 ἀμήχανόν
1817 694 1866 726 τι

195 746 316 806 οἷον
351 751 442 806 καὶ
477 747 709 854 ἀνήγετο
742 747 813 814 ὡς
844 750 1161 822 ἐρωτήσων,
1199 752 1288 806 καὶ
1319 754 1376 807 οἱ
1395 754 1455 807 ἐν
1477 757 1541 825 τῇ
1562 758 1866 825 παλαίστρα

194 833 431 898 ἅπαντες
451 837 773 904 περιέρρεον
790 832 930 905 ἡμας
950 834 1138 909 κύκλῳ
1167 839 1365 909 κομιδῇ
1378 879 1392 905 ,
1412 835 1534 891 τότε
1555 837 1623 908 δή
1638 878 1652 906 ,
1674 840 1717 892 ὠ
1737 859 1866 908 γεν-

192 916 366 985 ναδα,
408 915 556 972 εἶδόν
585 938 642 971 τε
673 915 739 972 τὰ
772 915 927 981 ἐντὸς
949 922 1050 972 τοῦ
1080 921 1298 1016 ιματίου
1327 919 1419 973 καὶ
1447 917 1760 990 ἐφλεγόμην
1779 921 1866 975 καὶ

194 996 368 1054 οὐκέτ’
392 997 508 1068 [ἐπ’]
531 1001 773 1070 ἐμαντου
801 1001 872 1070 ἠν
901 1002 994 1055 καὶ
1021 1000 1247 1070 ἐνόμισα
1266 999 1592 1070 σοφώτατον
1611 998 1750 1055 εἶναι
1767 997 1866 1056 τὸν

199 1083 410 1136 Κυδίαν
428 1080 494 1136 τὰ
515 1078 805 1152 ἐρωτικα,
786 1103 845 1146 ος
866 1081 1017 1137 εἶπεν
1034 1084 1120 1138 ἐπὶ
1139 1088 1318 1138 καλοῦ
1336 1083 1515 1152 λέγων
1534 1081 1744 1152 παιδός,
1767 1079 1865 1136 αλ-

190 1169 269 1235 λῳ
288 1161 706 1234 ὑποτιθέμενος,

469 1242 830 1318 εὐλαβεῖσθαι
850 1244 923 1317 μὴ
945 1249 1248 1302 κατέναντα
1268 1247 1488 1309 λέοντος

465 1326 670 1399 νεβρὸν
690 1327 927 1384 ἐλθόντα
946 1329 1199 1384 θανάτου
1218 1326 1263 1383 σ’
1282 1321 1320 1401 ᾗ
1337 1331 1444 1401 θέα

465 1421 665 1481 μοῖραν
686 1413 965 1479 αἱρεῖσθαι
982 1411 1159 1482 χρεών
1177 1432 1188 1443 ·

127 1509 164 1550 Ε
193 1488 361 1555 αὐτὸς
388 1491 494 1561 γάρ
515 1513 609 1562 μοι
640 1493 877 1548 ἐδόκουν
898 1490 1007 1547 ὑπὸ
1031 1498 1132 1547 τοῦ
1151 1492 1412 1548 τοιούτου
1437 1491 1752 1563 θρέμματος
1772 1490 1861 1545 ἑα-

187 1574 436 1629 λωκέναι.
478 1571 626 1644 ὅμως
648 1574 707 1630 δὲ
736 1573 910 1630 αὐτοῦ
940 1573 1344 1645 ἐρωτήσαντος,
1383 1577 1433 1628 εἰ
1463 1574 1785 1641 ἐπισταίμην
1801 1570 1862 1626 τὸ

186 1661 282 1725 τῆς
300 1661 547 1727 κεφαλῆς
567 1656 892 1726 φάρμακον,
932 1656 1089 1726 μόγις
1108 1677 1223 1721 πως
1242 1653 1624 1726 απεκρινοὶμην
1644 1652 1728 1708 ὅτι
1747 1656 1863 1708 ἐπι-

188 1742 440 1807 σταίμην.
500 1742 570 1793 Τί
585 1740 717 1808 οὐν,
756 1732 792 1807 ἦ
813 1735 863 1792 δ’
887 1759 975 1808 ος,
998 1741 1174 1806 ἐστίν;
1213 1739 1351 1794 καὶ’
1325 1737 1430 1808 εγώ
1451 1734 1659 1793 εἷπον”
1625 1757 1710 1791 οτι
1727 1733 1863 1791 αὐτὸ

189 1817 290 1889 μὲν
312 1826 394 1889 εἴη
415 1819 635 1889 φύλλον
652 1841 733 1887 τι,
765 1818 948 1892 ἐπῳδή
974 1822 1037 1876 δέ
1049 1843 1127 1886 τις
1144 1822 1230 1877 ἐπὶ
1250 1842 1324 1893 τῳ
1348 1838 1620 1891 φαρμακῳ
1643 1825 1724 1888 εἴη
1741 1858 1755 1886 ,
1793 1814 1864 1886 ἣν

191 1904 242 1958 εἰ
257 1901 360 1970 μέν
379 1923 459 1964 τις
479 1900 674 1974 ἐπᾴδοι
692 1899 805 1971 ἅμα
825 1904 915 1958 καὶ
943 1909 1120 1977 χρῷτο
1141 1899 1294 1975 αὐτῷ
1307 1944 1321 1971 ,
1366 1897 1714 1955 παντάπασιν
1734 1895 1864 1967 ὑγιᾶ

190 1995 341 2038 ποιοῖ
372 1981 432 2039 τό
477 2004 800 2053 φαρμακον·
841 1982 979 2039 α’νευ
1011 1985 1069 2041 δε
1097 1989 1193 2056 τῆς
1224 1986 1439 2057 ἐπῳδῆς
1467 1979 1634 2037 οὐδεν
1662 1978 1863 2051 ὄφελος

77 2075 158 2120 156
189 2072 271 2135 εἰη
294 2070 394 2120 τοῦ
416 2065 651 2134 φύλλου.
692 2066 783 2120 καὶ
802 2087 887 2134 ος,
905 2062 1320 2150 Ἀπογραψομαι
1339 2068 1558 2132 τοίνυν,
1590 2066 1723 2133 ἔφη,
1757 2081 1863 2116 πα-

189 2144 259 2245 ρὰ
280 2152 387 2202 σοῦ
406 2144 508 2218 τὴν
528 2147 766 2220 ἐπῳδήν.
812 2146 1093 2217 Πότερον,
1121 2150 1195 2218 ἠν
1214 2141 1267 2201 δ’
1289 2146 1424 2218 ἐγώ,
1464 2145 1562 2202 ἐοῖν
1581 2167 1646 2217 με
1666 2150 1864 2216 πείθῃς

186 2224 223 2299 ἦ
242 2223 350 2283 κᾶν
367 2229 472 2299 μή·
460 2272 474 2296 ,
513 2229 750 2299 γελασας
770 2251 902 2299 ουν,
936 2227 1062 2286 Ἐαν
1083 2247 1142 2284 σε
1163 2234 1371 2298 πει’,θω
1393 2232 1524 2299 ἔφη,
1563 2251 1605 2283 ω
1585 2221 1864 2297 Σώκρα-

185 2332 285 2374 τες.
353 2310 506 2382 Εἶεν,
544 2305 616 2382 ἦν
637 2309 688 2366 δ’
713 2311 821 2382 ἐγώ
836 2334 846 2344 ·
886 2313 977 2367 καὶ
994 2310 1240 2382 τοῦνομά
1262 2333 1371 2381 μου
1393 2309 1464 2366 σὺ
1483 2308 1757 2381 ἀκριβοῑς;
1795 2311 1865 2363 Εἰ

189 2390 260 2463 μὴ
297 2390 469 2448 ἀδικῶ
499 2415 591 2463 γε,
633 2398 762 2464 ἔφη·
820 2391 889 2449 οὐ
904 2393 1010 2465 γάρ
1038 2415 1090 2449 τι
1110 2400 1213 2449 σοῦ
1244 2391 1425 2463 ὀλίγος
1452 2393 1616 2463 λόγος
1637 2391 1783 2446 ἐστὶν
1801 2393 1863 2445 ἐν

187 2486 299 2538 τοῖς
317 2471 596 2545 ἡμετέροις
613 2473 943 2545 ἡλικιώταις,
966 2477 1240 2547 μέμνημαι
1257 2475 1315 2531 δὲ
1335 2480 1505 2546 ἔγωγε
1524 2476 1612 2529 καὶ
1634 2484 1758 2538 παῖς
1781 2466 1849 2527 032

184 2561 384 2629 Κριτία
402 2561 542 2630 τῷδε
563 2555 797 2623 ξυνόντα
819 2574 895 2612 σε.
933 2564 1132 2623 Καλῶς
1151 2558 1208 2614 δὲ
1230 2557 1328 2628 σύ,
1351 2550 1423 2628 ἦν
1442 2554 1492 2612 δ’
1515 2555 1638 2627 ἐγώ,
1660 2560 1858 2610 ποιῶν·

184 2642 397 2707 μᾶλλον
415 2638 520 2707 γάρ
542 2656 629 2694 σοι
647 2638 1089 2710 παρρησιάσομαι
1108 2640 1232 2710 περὶ
1253 2645 1347 2710 τῆς
1367 2641 1596 2712 ἐπῳδῆς,
1619 2640 1705 2692 οία
1724 2657 1859 2705 τυγ-

130 2739 161 2779 Β
186 2740 341 2789 χανει
359 2714 527 2776 οὖσα·
569 2720 692 2822 α’ρτι
712 2719 765 2777 δ’
786 2719 1056 2793 ἠπόρουν,
1078 2727 1185 2779 τίνι
1202 2721 1390 2795 τρόπῳ
1412 2737 1498 2775 σοι
1518 2722 1858 2789 ἐνδειξαίμην

182 2799 285 2872 τὴν
305 2803 544 2874 δύναμιν
564 2802 747 2876 αὐτῆς.
787 2809 900 2859 ἔστι
920 2827 1045 2875 γαρ,
1068 2827 1110 2860 ω
1129 2807 1410 2875 Χαρμίδη,
1431 2802 1658 2873 τοιαύτη
1680 2805 1768 2857 οἵα
1786 2822 1857 2870 μη

1930 2 1939 12 ,,

1983 180 1994 217 ⁴⁴-
1984 120 1994 167 ν-ι-Λ·
1979 0 1994 114 faihu—ann
