1962 3112
347 7 397 19 ,..κν

251 121 358 173 434
847 126 1329 176 ΠΛΑΤΩΝΟΣ
1875 138 1930 182 72

139 266 223 311 539
327 256 630 326 δαιμόνιοι,
650 261 707 311 τί
719 257 897 314 κακὸν
914 259 1043 314 τόδε
1065 260 1322 329 πάσχετε;
1361 264 1521 318 νυκτὶ
1538 263 1641 333 μὲν
1663 261 1845 333 ὑμέων

326 338 571 393 εἰλύαται
589 345 830 409 κεφαλαί
843 362 901 395 τε
926 340 1197 412 πρόσωπά
1218 364 1276 398 τε
1295 345 1465 412 νέρθε
1484 365 1542 399 τε
1558 355 1707 415 γυῖα,

325 420 533 490 οἰμωγὴ
557 420 614 475 δὲ
635 423 818 491 δέδηε,
841 423 1209 493 δεδάκρυνται
1229 425 1287 479 δὲ
1307 430 1548 492 παρειαί·

323 501 571 556 εἰδώλων
589 523 645 556 τε
664 504 834 557 πλέον
855 505 1151 574 πρόθυρον
1165 547 1178 574 ,
1199 512 1356 576 πλείη
1376 506 1434 562 δὲ
1458 509 1549 562 καὶ
1569 506 1710 578 αὐλή

323 584 557 651 ἱεμένων
576 585 837 655 ἕρεβόσδε
857 583 966 641 ὑπὸ
990 586 1164 658 ζόφον
1179 609 1189 618 ·
1227 586 1407 657 ἠέλιος
1427 592 1490 643 δέ

191 678 222 718 Β
326 661 576 733 ούρανοῦ
600 666 937 738 ἐξαπόλωλε,
960 667 1099 739 κακὴ
1123 667 1174 724 δ’
1197 671 1554 741 ἐπιδέδρομεν
1574 669 1764 741 ἀχλύς·

253 751 534 815 πολλαχοῦ
555 747 613 802 δὲ
633 748 801 802 καὶέν
819 746 1032 818 Ἰλιάδι,
1054 747 1175 804 οἷον
1195 752 1286 805 καὶ
1305 753 1392 806 ἐπὶ
1409 758 1720 826 τειχομαχίᾳ
1733 775 1743 785 ·
1783 756 1926 824 λέγει.

249 825 356 895 γὰρ
377 829 466 881 καὶ
490 829 736 883 ἐνταῦθα

322 906 476 978 ὅρνις
498 910 606 980 γάρ
627 927 763 979 σφιν
783 913 990 981 ἐπῆλθε
1012 915 1376 983 περησέμεναι
1397 923 1705 987 μεμαῶσιν,

321 992 498 1056 αἰετὸς
518 991 807 1064 ὑψιπέτης,
829 992 906 1049 ἐπ’
931 993 1191 1066 ἀριστερὰ
1211 996 1351 1059 λαὸν
1369 999 1576 1068 ἐέργων
1590 1041 1604 1066 ,

190 1087 221 1129 G
324 1072 626 1145 φοινήεντα
647 1075 925 1142 δράκοντα
945 1077 1134 1145 φέρων
1154 1077 1417 1148 ὀνύχεσσι
1437 1081 1705 1150 πέλωρον,

320 1155 462 1222 ζωόν
477 1197 493 1225 ,
516 1153 581 1210 ἔτ’
605 1154 947 1227 ἀσπαίροντα
963 1180 975 1191 ·
1014 1159 1106 1213 καὶ
1128 1157 1283 1214 οὔπω
1305 1159 1508 1230 λήθετο
1528 1160 1750 1231 χάρμης.

318 1238 459 1303 κόψε
478 1238 584 1308 γάρ
606 1237 776 1293 αὐτον
797 1244 991 1309 ἔχοντα
1014 1240 1150 1295 κατά
1171 1248 1378 1311 στῆθος
1396 1240 1545 1311 παρα
1567 1242 1758 1314 δειρήν

319 1321 579 1386 ἰδνωθεὶς
598 1318 800 1390 ὀπίσω,
822 1319 850 1378 ὁ
875 1320 925 1375 δ’
952 1319 1060 1377 άπὸ
1083 1324 1218 1378 ἕθεν
1239 1316 1336 1393 ἧκε
1356 1327 1557 1393 χαμᾶζε

319 1401 563 1474 άλγήσας
583 1401 846 1475 ὀδύνῃσι,
869 1405 1016 1477 μέσῳ
1039 1401 1088 1458 δ’
1113 1404 1402 1476 ἐγκάββαλ’
1425 1403 1598 1477 ὁμίλῳ
1613 1426 1623 1437 ·

178 1497 212 1537 D
316 1483 485 1549 αὐτὸς
508 1486 567 1541 δὲ
587 1486 824 1555 κλάγξας
844 1487 1004 1541 ἕπετο
1024 1494 1220 1559 πνοιῇς
1240 1485 1482 1558 ἀνέμοιο.

243 1574 416 1624 ταῦτα
437 1567 597 1639 φήσω
617 1567 790 1623 καὶτὰ
809 1575 1036 1624 τοιαῦτα
1058 1577 1135 1644 τῷ
1154 1571 1346 1640 μάντει
1365 1569 1667 1641 προσήκειν
1679 1573 1768 1626 καὶ
1785 1591 1914 1627 σκο-

244 1661 366 1705 πεῖν
385 1651 476 1704 καὶ
495 1655 718 1720 κρίνειν.

385 1736 548 1787 ΙΩΝ.
600 1731 807 1803 Ἀληθῆ
825 1755 887 1803 γε
907 1732 979 1788 σύ
1001 1735 1207 1804 λέγων,
1234 1728 1278 1790 ὦ
1299 1735 1611 1804 Σώκρατες.

383 1818 446 1868 X.
520 1819 645 1868 Σῼ.
701 1818 811 1868 Καὶ
831 1814 903 1869 σύ
923 1837 985 1883 γε
998 1857 1012 1885 ,
1054 1810 1100 1870 ὦ
1125 1814 1254 1871 ’Ίων
1267 1859 1280 1883 ,
1321 1815 1508 1887 ἀληθῆ
1526 1823 1698 1872 ταῦτα
1728 1820 1916 1888 λέγεις.

243 1902 330 1950 ἴθι
353 1894 418 1965 δὴ
440 1896 530 1950 καὶ
551 1893 622 1949 σύ
645 1896 788 1965 ἐμοί,
829 1894 1011 1967 ὥσπερ
1041 1896 1148 1967 ἐγω
1180 1899 1266 1952 σοὶ
1297 1899 1504 1963 ἐξέλεξα
1523 1900 1614 1954 καὶ
1630 1901 1685 1963 ἐξ
1724 1897 1918 1954 Ὀδυσ-
1956 1934 1958 1940 >

246 1981 393 2040 σείας
411 1977 503 2032 καὶ
522 1979 575 2041 ἐξ
588 1974 813 2042 Ἰλιάδος
832 1975 996 2034 ὁποῖα
1014 1986 1117 2034 τοῦ
1135 1979 1385 2049 μάντεως
1401 1981 1513 2034 ἐστι
1528 1981 1617 2035 καὶ
1634 1977 1798 2036 ὁποῖα
1814 1988 1919 2037 τοῦ
1956 1991 1962 2049 j

185 2064 219 2104 Ε
249 2063 444 2128 ἰατροῦ
471 2060 562 2113 καὶ
581 2057 743 2114 ὁποῖα
774 2067 877 2115 τοῦ
904 2058 1122 2130 ἁλιέως,
1162 2059 1308 2116 οὕτω
1329 2063 1419 2116 καὶ
1447 2061 1518 2116 σύ
1538 2064 1656 2132 ἐμοὶ
1676 2067 1913 2134 ἔκλεξον,

242 2140 427 2210 ἐπειδὴ
451 2144 542 2195 καὶ
561 2142 945 2212 ἐμπειρότερος
965 2141 1012 2197 εἶ
1028 2145 1166 2213 ἐμοῦ
1187 2150 1299 2198 τῶν
1317 2139 1562 2214 Ὁμήρου
1576 2186 1589 2207 ,
1623 2143 1784 2200 ὁποῖα
1814 2153 1915 2201 τοῦ

241 2224 509 2294 ῥαψωδοῦ
527 2223 675 2277 ἐστίν
689 2265 702 2290 ,
727 2218 772 2278 ὦ
788 2223 918 2278 Ἴων
931 2267 944 2292 ,
968 2226 1058 2279 καὶ
1078 2230 1174 2293 τῆς
1194 2226 1384 2295 τέχνης
1402 2232 1497 2295 τῆς
1515 2227 1856 2299 ραψωδικῆς,
1880 2224 1915 2282 α’

239 2310 319 2376 τῷ
337 2305 581 2377 ῥαψῳδςὸ
599 2306 866 2375 προσήκει
897 2307 987 2362 καὶ
1016 2314 1345 2360 σκοπεῖσθαι
1375 2308 1466 2362 καὶ
1487 2310 1789 2379 διακρίνειν
1808 2330 1911 2364 πα-

241 2380 311 2454 ρὰ
335 2380 468 2447 τούς
488 2381 691 2449 ἄλλους
711 2385 1065 2455 ἀνθρώπους.

380 2471 542 2521 ΙῼΝ.
592 2465 727 2536 Ἐγώ
749 2470 852 2538 μέν
872 2491 1036 2540 φημι,
1063 2463 1107 2524 ὦ
1126 2469 1451 2538 Σώκρατες,
1474 2469 1705 2525 ἅπαντα.

378 2551 502 2601 ΣΩ.
547 2545 631 2603 Οὐ
653 2550 724 2603 σύ
741 2570 803 2618 γε
824 2553 984 2620 ἔφης,
1018 2545 1062 2605 ὦ
1078 2550 1234 2619 Ἴων,
1266 2549 1482 2606 ἅπαντα
1497 2573 1508 2583 ·
1543 2547 1581 2621 ἦ
1600 2549 1775 2616 οὕτως
1796 2557 1913 2607 ἐπι·
1934 2552 1936 2554 ’

239 2624 467 2696 λήσμων
505 2626 576 2691 εἷς
632 2634 810 2683 καίτοι
844 2628 947 2684 οὐκ
979 2626 1050 2686 ἂν
1086 2634 1286 2699 πρέποι
1313 2653 1375 2702 γε
1404 2634 1742 2703 ἐπιλήσμονα
1773 2630 1934 2691 sivae-²?

239 2705 503 2781 ῥαψῳδὸν
524 2707 717 2777 ἄνδρα.

121 2807 208 2851 540
376 2792 536 2843 ΙιΩιΝ.
582 2793 654 2843 Τί
667 2790 726 2845 δὲ
749 2789 813 2864 δὴ
833 2792 1301 2865 ἐπιλανθάνομαι,

1912 0 1916 5 ,
1929 0 1957 42 ‘³²
