1962 3112
183 131 287 185 314
770 131 1251 179 HAATszzvoz
1660 89 1670 99 ⁹
1768 138 1851 181 116

183 263 219 339 ἦ
248 264 353 337 ἐγω
385 265 591 322 ἐνθάδε
612 262 681 319 σύ
713 266 847 334 ἐκεῖ,
886 267 983 317 καί
1004 279 1064 316 σε
1092 269 1221 326 ἴσως
1250 263 1510 334 τυπτήσει
1537 285 1616 328 τις
1647 265 1736 319 καὶ
1766 266 1849 320 ἐπὶ

182 346 383 417 κόρρης
403 344 603 416 ἀτίμως
622 346 714 400 καὶ
732 343 950 407 πάντως
969 349 1344 412 προπηλακιεῖ.

322 432 590 482 LXXXIII.
672 425 821 495 Τάχα
853 422 906 478 δ’
938 418 1046 478 οὖν
1073 429 1246 478 ταῦτα
1277 423 1458 494 μῦθός
1479 440 1566 479 σοι
1585 429 1740 481 δοκεῖ
1759 430 1850 481 λέ-
1880 467 1892 475 2

182 517 382 578 γεσθαι
406 507 590 576 ὥσπερ
621 507 791 576 γραός
812 506 902 560 καὶ
931 517 1294 576 καταφρονεῖς
1322 503 1536 577 αὐτῶν,
1574 508 1664 561 καὶ
1684 504 1850 562 οὐδέν

181 588 236 659 γ’
261 585 332 644 ἂν
361 583 434 659 ἧν
460 587 791 658 θαυμαστὸν
821 598 1191 657 καταφρονεῖν
1210 587 1440 657 τούτων,
1462 595 1602 660 εἴπῃ
1622 592 1850 658 ζητοῦν-

181 691 268 734 τες
288 678 501 741 εἴχομεν
521 667 706 724 αὐτῶν
725 673 919 738 βελτίω
948 670 1039 722 καὶ
1059 666 1401 738 ἀληθέστερα
1422 665 1604 738 εὑρεῖν
1620 690 1631 701 ·
1662 676 1770 724 νῦν
1791 670 1850 725 δὲ

180 750 331 824 ὁρᾷς,
353 749 437 807 ὅτι
455 762 596 822 τρεῖς
614 748 770 813 ὅντες
788 747 957 819 ὑμεῖς,
981 752 1134 817 οἵπερ
1149 749 1462 819 σοφώτατοί
1474 751 1593 804 ἐστε
1611 756 1724 805 τῶν
1741 757 1849 806 νῦν

118 845 151 885 Β
171 831 451 902 Ἑλλήνων
464 875 478 902 ,
520 832 592 886 σύ
611 853 668 886 τε
688 831 778 886 καὶ
797 836 994 894 Πῶλος
1016 832 1106 885 καὶ
1125 835 1387 902 Γοργίας,
1426 828 1527 885 οὐκ
1548 836 1690 901 ἔχετε
1708 830 1848 887 ἄπο-

183 919 376 986 δεῐξαι,
416 911 487 978 ὡς
509 918 592 968 δεῖ
622 912 792 968 ἄλλον
822 910 942 967 τινα
974 917 1100 983 βίον
1129 917 1228 983 ζῇν
1258 907 1294 981 ἢ
1311 918 1535 982 τοῦτον,
1568 911 1737 983 ὅσπερ
1758 915 1849 983 καὶ

183 998 355 1051 ἐκεῖσε
375 1001 629 1065 φαίνεται
658 996 973 1064 συμφέρων.
1013 991 1136 1048 ἀλλ’
1155 996 1216 1048 ἐν
1233 993 1515 1058 τοσούτοις
1534 994 1718 1064 λόγοις
1735 1000 1848 1049 τῶν

180 1074 364 1130 ἄλλων
380 1077 748 1145 ἐλεγχομένων
767 1074 935 1144 μόνος
955 1066 1115 1137 οὗτος
1132 1073 1322 1143 ἠρεμεῖ
1340 1073 1367 1129 ὁ
1389 1074 1565 1144 λόγος,
1590 1072 1662 1139 ὡς
1683 1072 1847 1129 εὐλα-

181 1159 378 1229 βητέον
404 1159 514 1212 ἐστὶ
544 1155 603 1212 τὸ
638 1155 849 1212 ἀδικεῖν
867 1163 1077 1227 μᾶλλον
1094 1152 1131 1227 ἦ
1150 1154 1210 1211 τὸ
1238 1154 1573 1227 ἀδικεῖσθαι,
1595 1158 1685 1211 καὶ
1705 1177 1847 1211 παν-

180 1238 271 1303 τὸς
299 1245 509 1309 μᾶλλον
540 1236 701 1307 ἀνδρὶ
730 1242 1049 1308 μελετητέον
1082 1236 1150 1292 οὐ
1179 1239 1239 1292 τὸ
1263 1241 1446 1292 δοκεῖν
1470 1237 1609 1293 εἶναι
1629 1238 1848 1307 ἀγαθον

181 1318 319 1374 ἀλλὰ
351 1321 411 1374 τό
444 1317 610 1389 εἶναι,
648 1321 738 1374 καὶ
770 1323 880 1392 ἰδίᾳ
909 1321 999 1374 καὶ
1031 1323 1290 1392 δημοσίᾳ·
1332 1320 1428 1374 ἐὰν
1458 1322 1522 1375 δέ
1546 1343 1623 1384 τις
1642 1321 1778 1375 κατά
1796 1342 1847 1374 τι

180 1399 353 1466 κακὸς
373 1407 643 1473 γίγνηται,
663 1404 957 1466 κολαστέος
977 1403 1114 1472 ε’στί,
1137 1403 1227 1455 καὶ
1247 1406 1410 1455 τοῦτο
1432 1401 1691 1470 δεύτερον
1710 1398 1846 1469 ἀγα-

120 1499 152 1541 C
179 1481 292 1538 θὸν
309 1481 443 1553 μετὰ
462 1482 521 1539 τὸ
547 1482 685 1539 εἶναι
705 1488 920 1539 δίκαιον
933 1526 947 1553 ,
977 1482 1037 1538 τὸ
1058 1488 1348 1553 γίγνεσθαι
1366 1485 1457 1538 καὶ
1477 1482 1836 1552 κολαζόμενον

180 1564 396 1619 διδόναι
417 1567 575 1635 δίκην
591 1587 601 1596 ·
634 1567 726 1621 καὶ
755 1572 940 1620 πᾶσαν
960 1571 1255 1621 κολακείαν
1274 1567 1365 1620 καὶ
1383 1565 1484 1635 τὴν
1503 1567 1625 1634 περὶ
1646 1563 1834 1621 ἑαυτὸῠ

178 1647 268 1700 καὶ
285 1644 386 1715 τὴν
407 1649 530 1716 περὶ
547 1646 677 1711 τούς
698 1646 928 1718 α’λλους,
969 1649 1058 1702 καὶ
1079 1649 1202 1717 περὶ
1221 1645 1440 1716 ὀλίγους
1459 1648 1549 1702 καὶ
1568 1649 1690 1715 περὶ
1709 1654 1837 1701 πολ-

178 1726 335 1798 λούς,
376 1731 670 1796 φευκτέον·
711 1731 802 1784 καὶ
830 1736 897 1800 τῇ
926 1731 1183 1800 ρητορικῇ
1214 1726 1358 1783 οὕτω
1388 1731 1652 1798 χρηστέον
1678 1728 1763 1782 ἐπὶ
1782 1749 1839 1782 το

178 1813 391 1863 δίκαιον
412 1808 522 1880 dec,
550 1812 641 1864 καὶ
659 1817 728 1881 τῇ
749 1810 886 1881 ἄλλῃ
905 1811 1051 1882 πάσῃ
1073 1811 1278 1879 πράξει.
1314 1812 1431 1879 ἐμοὶ
1452 1812 1556 1863 οὐν
1579 1810 1838 1879 πειθόμε

179 1914 275 1957 νος
294 1890 686 1964 ἀκολούθησον
706 1897 978 1965 ἑνταυθα,
1002 1892 1056 1950 οἶ
1072 1917 1237 1965 αφικο
1244 1916 1409 1964 μενος
1430 1893 1730 1964 εὐδαιμονή
1734 1911 1842 1957 σεις,

177 1974 268 2029 καὶ
298 1978 405 2038 ζῶν
432 1976 523 2028 καὶ
552 1975 906 2046 τελευτήσας,
947 1975 1020 2040 ὡς
1050 1975 1079 2030 ὁ
1111 1974 1207 2040 σὸς
1245 1976 1407 2046 λόγος
1448 1980 1712 2046 σημαίνει.
1751 1997 1842 2030 και

178 2055 345 2110 ἔασόν
366 2055 488 2108 τινά
515 2071 619 2109 σου
649 2063 1067 2127 καταφρονῆσαι
1088 2055 1160 2122 οὖς
1185 2055 1426 2155 ἀνοήτου
1446 2060 1537 2113 καὶ
1558 2065 1843 2127 προπηλα-

112 2155 148 2196 D
176 2141 351 2207 κίσαι,
374 2135 471 2191 εἀν
490 2136 782 2208 βούληται,
804 2139 894 2192 καὶ
914 2140 1004 2193 ναὶ
1023 2161 1097 2209 μα
1114 2145 1225 2194 Δία
1245 2140 1315 2193 σύ
1335 2161 1395 2209 γε
1415 2145 1646 2207 θαρρων
1665 2137 1842 2193 πατά-

178 2222 264 2282 ξαι
282 2239 384 2288 την
403 2239 600 2287 ατιμον
620 2219 829 2289 ταύτην
848 2220 1091 2290 πληγήν·
1131 2218 1297 2276 οὐδεν
1318 2241 1423 2289 γαρ
1446 2218 1631 2274 δεινὸν
1650 2223 1839 2289 πείσει,

173 2297 270 2353 ἐὰν
287 2321 361 2353 τω
393 2299 512 2353 ὄντι
541 2302 606 2370 ᾑς
637 2298 805 2363 καλὸς
833 2298 1111 2369 κοῖγαθός,
1153 2300 1342 2356 ασκων
1366 2299 1581 2371 ἀρετήν.
1613 2319 1840 2356 καπειτα

174 2378 320 2435 οὕτω
341 2387 501 2452 κοινῇ
520 2379 885 2452 ασκήσαντες,
915 2383 1035 2437 τότε
1055 2382 1234 2453 ἤδη,’
1208 2406 1305 2438 εαν
1324 2386 1464 2454 δοκῇ
1479 2389 1700 2452 χρῆναι,
1723 2384 1839 2435 ε’πι-

172 2461 470 2531 θησόμεθα
507 2473 618 2526 τοῖς
654 2469 973 2529 πολιτικοῖς,
1017 2459 1055 2532 ἢ
1093 2462 1288 2519 ὁποῖον
1322 2461 1393 2518 ἄν
1429 2485 1480 2517 τι
1517 2460 1646 2532 ἡμῖν
1685 2465 1837 2534 δοκῇ,

173 2540 294 2595 τότε
324 2543 776 2613 βουλευσόμεθα,
814 2549 1066 2614 βελτίους
1095 2544 1250 2610 ὄντες
1273 2544 1643 2616 βουλεύεσθαι
1661 2540 1696 2612 ἢ
1714 2549 1836 2598 νῦν.

174 2619 401 2691 αἰσχρὸν
428 2620 536 2691 γὰρ
571 2625 795 2693 ἔχοντάς
813 2646 875 2694 γε
898 2623 968 2688 ὡς
986 2631 1094 2680 νῦν
1113 2627 1431 2694 φαινόμεθα
1451 2628 1590 2693 ἔχειν
1603 2666 1617 2691 ,
1656 2628 1838 2678 ἔπειτα

172 2702 560 2758 νεανιεύεσθαι
582 2703 654 2767 ὠς
671 2706 721 2758 τὶ
741 2704 904 2769 ὄντας
918 2747 933 2774 ,
967 2702 1047 2770 οἷς
1078 2705 1340 2762 οὐδέποτε
1358 2703 1527 2761 ταύτὰ
1550 2709 1702 2760 δοκεῖ
1715 2707 1837 2773 περὶ

110 2802 141 2844 Β
171 2790 284 2841 τῶν
302 2782 515 2849 αὐτῶν,
554 2786 646 2840 καὶ
664 2793 835 2840 ταῦτα
855 2790 1108 2854 περὶτῶν
1135 2792 1428 2858 μεγίστων·
1467 2791 1543 2850 εἰς
1569 2793 1835 2841 τοσοῦτον
