1962 3112
101 135 105 140 ’
156 131 259 185 448
756 132 1236 183 ΠΛΑΤΩΝΟΣ
1775 144 1832 190 86

100 277 132 319 G
162 269 222 322 ἐπ
240 273 516 338 Σαλαμῖνι
534 264 1038 337 ναυμαχησάντων,
1079 270 1453 341 παιδευθῆναι
1483 271 1612 337 τοὺς
1630 269 1836 336 ἄλλους

145 347 439 419 Έλληνας,
478 345 588 403 ὑπὸ
620 348 722 418 μὲν
747 353 860 402 τῶν
889 369 1027 402 κατα
1057 355 1188 420 γῆν,
1227 347 1336 406 ὑπὸ
1360 354 1418 406 δὲ
1436 356 1548 407 τῶν
1566 374 1703 407 κατα
1722 353 1835 408 θά-

160 438 362 486 λατταν
379 428 662 500 μαθόντας
681 430 769 484 καὶ
789 431 1116 495 ἐθισθέντας
1135 429 1208 502 μὴ
1232 438 1531 504 φοβεῖσθαι
1549 431 1679 499 τούς
1696 439 1836 506 βαρ-

160 513 382 585 βάρους.

303 601 408 649 XII.
482 599 681 663 Τρίτον
718 597 776 649 δὲ
821 595 962 664 λέγω
1004 593 1064 650 τὸ
1114 596 1175 650 ἐν
1212 601 1507 662 Πλαταιαῖς
1544 602 1708 667 ἔργον
1747 596 1838 651 καὶ

162 675 383 749 ἀριθμῷ
405 677 496 731 καὶ
514 673 681 748 ἀρετῇ
699 677 962 746 γενέσθαι
979 682 1076 748 τῆς
1086 674 1401 749 Ἑλληνικῆς
1413 685 1699 751 σωτηρίας,
1721 700 1840 734 κοι-

162 756 267 813 νὸν
296 756 403 828 ἤδη
427 763 590 812 τοῦτο
611 761 1066 828 Λακεδαιμονίων
1094 779 1152 813 τε
1182 761 1272 814 καὶ
1295 758 1621 831 Ἀθηναίων.
1655 758 1715 815 τὸ
1738 762 1839 830 μὲν

163 832 268 894 οὖν
290 841 549 909 μέγιστον
567 839 656 894 καὶ
676 839 1063 909 χαλεπώτατον
1082 833 1239 896 οὗτοι
1258 841 1459 907 πάντες
1476 841 1698 913 ἤμυναν
1713 883 1728 912 ,
1749 842 1840 896 καὶ

165 918 251 975 διὰ
283 921 492 992 ταύτην
520 919 622 991 τὴν
651 918 853 991 ἀρετὴν
882 926 990 975 νῦν
1016 943 1073 976 τε
1103 919 1206 992 ὑφ’
1240 921 1400 994 ἡμῶν
1417 923 1842 994 ἐγκωμιάζονται

101 1021 134 1060 D
167 1003 259 1058 καὶ
296 1008 372 1066 εἰς
406 1000 506 1057 τὸν
542 1006 724 1056 ἔπειτα
761 1002 967 1072 χρόνον
1004 998 1112 1058 ὑπὸ
1150 1010 1264 1058 τῶν
1301 1003 1561 1074 ὕστερον·
1610 1002 1743 1075 μετὰ
1783 1003 1840 1059 δὲ
1872 1029 1875 1031 ’

163 1090 327 1139 τοῦτο
357 1085 553 1139 πολλαὶ
581 1083 682 1154 μὲν
701 1083 884 1149 πόλεις
912 1091 1024 1139 τῶν
1042 1081 1317 1156 Ἑλλήνων
1336 1089 1412 1141 ἔτι
1429 1079 1572 1156 ἦσαν
1589 1085 1722 1156 μετὰ
1741 1089 1840 1139 τοῦ

163 1165 479 1237 βαρβάρου,
518 1163 688 1230 αὐτὸς
718 1168 775 1222 δὲ
804 1165 1094 1237 ἠγγέλλετο
1126 1167 1386 1239 βασιλεὺς
1404 1171 1748 1223 διανοεῖσθαι
1769 1165 1840 1232 ὠς

166 1247 528 1318 ἐπιχειρήσων
547 1247 714 1303 πάλιν
735 1249 819 1302 ἐπὶ
840 1247 1258 1320 τοῦςἽῖλληνας.
1282 1254 1495 1306 δίκαιον
1515 1248 1580 1321 δὴ
1603 1251 1694 1306 καὶ
1711 1250 1841 1304 τού-

166 1351 278 1384 των
307 1326 449 1400 ἡμᾶς
485 1330 923 1400 ἐπιμνησθῆναι,
962 1335 1018 1385 οἳ
1050 1343 1162 1395 τοῖς
1197 1337 1310 1386 τῶν
1345 1336 1629 1402 προτέρων
1666 1336 1840 1401 ἔργοις

166 1414 320 1475 τέλος
338 1417 433 1482 τῆς
454 1416 722 1481 σωτηρίας
742 1413 1016 1466 ἐπέθεσαν
1038 1410 1529 1484 άνακαθηράμενοι
1547 1415 1638 1468 καὶ
1658 1412 1840 1478 ἐξελά-

168 1509 361 1557 σαντες
392 1499 505 1547 πᾶν
534 1491 594 1548 τὸ
614 1494 905 1564 βάρβαρον
924 1495 982 1548 ἐκ
1002 1501 1095 1564 τῆς
1113 1495 1405 1565 θαλάττης.
1443 1488 1586 1565 ἦσαν
1607 1495 1665 1550 δὲ
1687 1487 1831 1548 οὗτοι

105 1592 138 1631 Ε
170 1578 226 1630 οἵ
249 1596 306 1629 τε
336 1571 423 1629 ἐπ’
451 1572 833 1645 Εὐρυμέδοντι
862 1575 1311 1647 ναυμαχήσαντες
1339 1579 1428 1631 καὶ
1448 1579 1503 1631 oc
1519 1581 1594 1641 εἰς
1611 1575 1839 1646 Κύπρον

167 1656 596 1726 στρατεύσαντες
615 1658 706 1713 καὶ
721 1660 776 1711 015
793 1661 868 1721 εἰς
883 1664 1172 1726 Αἴγυπτον
1189 1657 1524 1722 πλεύσαντες
1541 1660 1631 1712 καὶ
1648 1655 1843 1711 ἄλλοσε

166 1739 502 1810 πολλαχόσε,
546 1732 626 1793 οἷν
654 1737 756 1809 χρὴ
788 1746 1104 1809 μεμνῆσθαι
1132 1741 1222 1795 καὶ
1240 1740 1400 1810 χάριν
1420 1738 1603 1803 αὐτοῖς
1623 1739 1840 1806 εἰδέναι,

171 1817 254 1874 ὅτι
284 1821 511 1891 βασιλέα
541 1821 808 1889 ἐποίησαν
839 1824 1095 1876 δείσαντα
1125 1828 1191 1893 τῇ
1229 1823 1430 1877 ἑαυτοῦ
1467 1826 1707 1893 σωτηρίᾳ
1745 1817 1840 1875 τὸν

167 1909 311 1956 νοῦν
330 1905 619 1973 προσέχειν
633 1944 646 1971 ,
687 1900 826 1958 ἀλλὰ
845 1900 917 1974 μὴ
939 1908 1004 1975 τῇ
1032 1910 1145 1958 τῶν
1166 1901 1444 1975 Ἑλλήνων
1464 1901 1842 1974 ἐπιβουλεύειν

170 1990 380 2057 φθορᾷ·

308 2070 437 2120 ΧΙΠ.
514 2067 624 2122 Καὶ
655 2058 815 2130 οὗτος
844 2065 947 2136 μὲν
977 2065 1043 2138 δὴ
1077 2067 1223 2139 πάσῃ
1253 2074 1319 2139 τῇ
1347 2067 1502 2122 πόλει
1538 2064 1839 2137 διηντλήθφ,

52 2158 138 2203 242
169 2145 197 2203 ὁ
236 2146 472 2218 πόλεμος
507 2145 648 2217 ὑπὲρ
687 2149 901 2203 ἑαυτῶν
935 2169 992 2203 τε
1028 2148 1119 2203 καὶ
1155 2153 1268 2202 τῶν
1305 2147 1491 2204 ἄλλων
1527 2145 1846 2219 ὁμοφώνων

168 2229 307 2300 πρὸς
326 2227 456 2295 τούς
473 2230 819 2301 βαρβάρους·
860 2230 1079 2301 εἰρήνης
1110 2230 1168 2285 δε
1195 2231 1496 2300 γενομένης
1523 2231 1613 2285 καὶ
1631 2235 1726 2300 τῆς
1745 2229 1849 2285 πό·-

169 2318 305 2376 λεως
323 2315 631 2382 τιμωμένης
650 2305 827 2382 ἦλθεν
847 2311 933 2367 ἐπ’
955 2311 1160 2383 αυτήν,
1200 2309 1231 2366 ὃ
1261 2311 1326 2382 δὴ
1359 2319 1512 2382 φιλεῖ
1535 2315 1591 2366 ἐκ
1611 2334 1723 2366 των
1745 2309 1849 2366 άν-

169 2392 422 2461 θρῶπων
441 2404 553 2458 τοῖς
575 2396 638 2447 εὐ
660 2394 963 2463 πράττουσι
984 2399 1374 2497 προσπίπτειν,
1399 2415 1619 2462 πρωτον
1637 2414 1738 2463 μεν
1758 2396 1849 2462 ζῆ-

170 2479 292 2542 λος,
332 2471 438 2528 άπό
470 2473 633 2545 ζήλου
665 2476 722 2528 δὲ
742 2474 984 2544 φθόνος·
1025 2472 1056 2528 ὃ
1077 2477 1164 2529 καὶ
1186 2474 1350 2544 τήνδε
1371 2472 1472 2545 τὴν
1493 2475 1657 2529 πόλιν
1677 2473 1849 2528 άκου-

173 2571 277 2608 σαν
317 2557 377 2609 ἐν
410 2557 630 2628 πολέμῳ
664 2567 776 2620 τοῖς
801 2554 1026 2626 Ἐλλησι
1061 2557 1370 2627 κατέστησε.
1419 2577 1553 2626 μετα
1592 2554 1650 2610 δε
1686 2561 1847 2608 τοῦτο

168 2639 476 2707 γενομένου
496 2640 756 2709 πολέμου,
780 2641 1091 2709 συνέβαλον
1109 2640 1211 2710 μὲν
1230 2641 1290 2694 έν
1316 2639 1578 2710 Τανάγρᾳ
1599 2635 1735 2705 ὑπὲρ
1756 2644 1851 2707 τῆς

107 2734 140 2775 Β
165 2724 425 2774 Βοιωτῶν
454 2720 772 2788 ἐλευθερίας
794 2725 1248 2792 Λακεδαιμονίοις
1281 2719 1606 2791 μαχόμενοι,
1647 2716 1850 2790 άμφις-
1935 2750 1941 2753 -

167 2806 472 2871 βητησίμου
511 2802 569 2857 δὲ
597 2809 690 2873 τῆς
709 2802 882 2874 μάχης
907 2804 1234 2875 γενομένης,
1277 2804 1511 2872 διέκρινε
1530 2823 1589 2856 το
1613 2799 1850 2870 ὕστερον
1934 2827 1939 2838 ÷
