1962 3112
31 79 93 128 ⁶3
677 74 1054 124 ΓοΡιἿΑΣ.
1404 63 1408 65 ’
1609 73 1716 129 251

174 214 347 265 ΚΑΛ.
398 206 491 278 Νή
522 204 655 272 τοὺς
682 205 856 273 θεοὺς
884 204 998 263 ἀλλ’
1031 210 1305 280 ἐπιθυμῶ.
1359 211 1483 264 εἰπέ
1503 231 1624 280 μοι,
1661 203 1710 266 ὦ
1739 220 1774 266 0

35 291 354 360 Σώκρατες,
393 288 631 359 πότερόν
667 306 731 345 σε
750 295 949 360 φῶμεν
975 290 1104 344 νυνὶ
1123 289 1507 356 σπουδάζοντα
1526 285 1565 361 ἦ
1584 297 1714 347 παί-

37 377 225 439 ζοντας
263 376 316 427 εἰ
330 373 433 443 μὲν
450 370 556 440 γάρ
577 371 901 437 σπουδάζεις
918 393 975 426 τε
994 372 1085 426 καὶ
1104 370 1362 442 τυγχάνει
1380 377 1553 427 ταῦτα
1574 370 1712 442 άλη-

33 459 116 524 θῆ
132 453 268 509 ὄντα
287 451 323 508 ἃ
341 455 541 523 λέγεις,
579 452 715 508 ἄλλο
737 475 788 508 τι
807 449 842 524 ἦ
862 449 1069 524 ἡμῶνὸ
1095 458 1214 523 βίος
1232 450 1711 524 ἀνατετραμμένος

32 530 107 590 ἂν
124 542 206 606 εἴη
226 542 341 590 τῶν
359 532 686 601 ἀνθρώπων
715 535 807 589 καὶ
838 534 1017 589 πάντα
1046 532 1111 589 τά
1136 536 1357 590 ἐναντία
1376 533 1707 607 πράττομεν,

31 613 106 682 ὡς
121 621 326 686 ἔοικεν,
345 613 382 686 ἦ
401 613 437 669 ἃ
455 619 563 681 δεῖς

171 703 296 753 ΣΩ.
349 691 413 752 Ὦ
433 703 782 768 Καλλίκλεις,
805 702 856 754 εί
870 698 947 769 μή
966 720 1017 752 τι
1035 691 1106 767 ἦν
1125 709 1238 762 τοῖς
1257 695 1581 766 ἀνθρώποις
1599 700 1711 755 πά-

28 788 151 850 θος,
172 790 285 844 τοῖς
302 778 404 849 μὲν
428 779 562 834 ἄλλο
583 802 662 849 τι,
700 791 814 844 τοῖς
831 780 891 835 δὲ
910 778 1044 834 ἄλλο
1075 801 1153 848 τι,
1183 778 1244 834 τὸ
1267 779 1403 835 αὐτό
1416 821 1432 850 ,
1466 778 1606 836 άλλά
1627 803 1708 846 τις

26 861 189 932 ἡμῶν
207 860 354 917 ἴδιόν
372 883 424 916 τι
441 865 639 931 ἔπασχε
661 861 844 925 πάθος
861 858 898 931 ἦ
918 864 975 915 oc
990 860 1149 915 ἄλλοι
1162 903 1175 929 ,
1198 858 1302 916 οὐκ
1324 856 1396 915 ἂν
1414 854 1486 931 ἦν
1505 862 1705 935 ῥᾴδιον
1729 875 1766 916 D

27 946 378 1008 ἐνδείξασθαι
395 948 472 1015 τῷ
494 943 657 1014 ἑτέρῳ
673 939 734 996 τό
757 942 960 997 ἑαυτοῦ
978 942 1227 1012 πάθημα.
1266 944 1407 1013 λέγω
1428 940 1480 996 δ’
1502 944 1706 1015 ἐννοή-

25 1042 150 1093 σας,
186 1022 270 1080 ὅτι
288 1024 396 1095 ἐγώ
415 1046 473 1079 τε
493 1026 583 1079 καὶ
603 1024 674 1079 σὺ
695 1031 801 1079 νῦν
820 1025 1170 1095 τυγχάνομεν
1195 1022 1404 1080 ταύτόν
1420 1047 1471 1079 τι
1491 1045 1704 1081 πεπον-

22 1106 206 1176 θότες,
222 1108 422 1174 ἐρῶντε
442 1107 544 1161 δύο
566 1105 600 1161 ὅ
604 1128 693 1161 ντε
714 1110 873 1162 δυοῖν
892 1106 1165 1177 ἑκάτερος,
1179 1103 1287 1176 ε’γώ
1310 1108 1412 1176 μὲν
1426 1105 1706 1178 Ἀλκιβιά-

25 1191 130 1243 δου
151 1209 210 1243 τε
230 1195 331 1242 τοῦ
354 1193 615 1243 Κλεινίου
645 1191 735 1243 καὶ
763 1194 1120 1259 φιλοσοφίας,
1160 1186 1231 1242 σύ
1253 1189 1311 1244 δὲ
1341 1194 1444 1243 τοῦ
1463 1211 1522 1244 τε
1538 1187 1708 1260 Ἀθη-

25 1275 202 1325 ναίων
222 1269 402 1340 δήμου
421 1272 510 1325 καὶ
531 1277 633 1324 τοῦ
649 1271 1066 1340 Πυριλάμπους.
1114 1270 1457 1342 αἰσθάνομαι
1476 1265 1582 1326 οὖν
1601 1289 1706 1326 σου

23 1352 280 1407 ἑκάστοτε
296 1394 310 1418 ,
346 1356 542 1420 καίπερ
566 1351 729 1417 ὄντος
760 1356 979 1422 δεινοῦ,
1020 1351 1104 1408 ὅτι
1125 1349 1281 1408 ὁπόσ’
1306 1349 1380 1408 ἄν
1409 1359 1489 1426 φῇ
1512 1370 1617 1409 σου
1636 1348 1704 1408 τὰ

22 1433 250 1489 παιδικά
272 1435 363 1489 καὶ
383 1433 533 1499 ὅπως
553 1431 625 1490 ἂν
643 1440 721 1507 φῇ
746 1439 914 1504 ἔχειν,
945 1432 1012 1489 ού
1035 1438 1353 1505 δυναμένου
1374 1433 1698 1507 άντιλέγειν,
1731 1448 1765 1488 Ε

20 1514 136 1571 ἀλλ’
156 1515 275 1571 ἅνω
304 1517 395 1570 καὶ
424 1516 574 1570 κάτω
597 1518 1107 1587 μεταβαλλομένου·
1169 1520 1232 1571 ἒν
1259 1538 1317 1572 τε
1336 1525 1403 1589 τῇ
1420 1520 1699 1590 ἐκκλησίᾳ,

25 1597 123 1652 ἐάν
150 1619 203 1653 τι
232 1602 337 1652 σοῦ
364 1599 622 1667 λέγοντος
650 1596 679 1652 ὁ
710 1601 882 1668 δῆμος
907 1595 935 1652 ὁ
964 1595 1276 1668 Ἀθηναίων
1307 1596 1380 1669 μὴ
1413 1606 1495 1671 φῇ
1525 1599 1702 1665 οὕτως

24 1683 168 1749 ἔχειν
182 1720 196 1747 ,
235 1678 710 1749 μεταβαλλόμενος
747 1680 920 1748 λέγεις
956 1676 992 1733 ὁὶ
1028 1682 1235 1744 ἐκεῖνος
1271 1681 1558 1752 βούλεται,
1606 1683 1699 1738 καὶ

23 1758 163 1829 πρὸς
190 1760 292 1815 τὸν
317 1760 723 1830 Πυριλάμπους
755 1766 985 1816 νεανίαν
1017 1762 1117 1816 τὸν
1147 1760 1320 1817 καλὸν
1352 1769 1553 1819 τοῦτον
1581 1785 1700 1819 τοι-

20 1848 163 1896 αῦτα
191 1842 350 1909 ἕτερα
378 1847 688 1906 πέπονθας·
730 1855 840 1907 τοῖς
868 1842 978 1913 γάρ
1007 1851 1122 1899 τῶν
1152 1847 1425 1900 παιδικῶν
1453 1847 1697 1917 βουλεύ-

21 1929 159 1996 μασί
171 1944 230 1978 τε
249 1924 339 1978 καὶ
368 1923 553 1993 λόγοις
574 1922 675 1994 οὐχ
703 1921 819 1989 οἷός
835 1921 877 1980 τ’
899 1925 946 1981 εἷ
974 1928 1397 1996 ἐναντιοῦσθαι,
1439 1925 1605 1998 ὥστε,
1648 1936 1704 1983 εἴ

18 2011 100 2069 τίς
118 2021 224 2059 σου
242 2006 499 2074 λέγοντος
520 2006 776 2061 ἑκάστοτε
790 2049 804 2076 ,
826 2006 862 2061 ἃ
882 2006 972 2062 διά
994 2008 1226 2073 τούτους
1254 2011 1445 2078 λέγεις,
1467 2009 1698 2079 θαυμά-

21 2090 101 2152 {ot
122 2082 195 2150 ὥς
212 2083 390 2140 ἄτοπά
410 2088 585 2157 ἐστιν,
626 2095 756 2152 ἴσως
775 2097 947 2154 εἴποις
969 2085 1040 2144 ἂν
1058 2089 1235 2165 αὐτῷ,
1274 2095 1325 2146 εί
1349 2090 1577 2162 βούλοιο
1597 2089 1697 2146 τά-

23 2173 173 2238 ληθῆ
195 2170 400 2238 λέγειν,
432 2165 544 2238 ὅτι,
576 2173 627 2225 εἰ
640 2170 716 2240 μή
735 2192 816 2234 τις
836 2171 1038 2227 παύσει
1056 2170 1123 2226 τά
1143 2169 1212 2226 σὰ
1232 2170 1458 2227 παιδικά
1479 2172 1697 2227 τούτων
1721 2184 1808 2231 482

16 2256 132 2306 τῶν
151 2249 362 2319 λόγων,
404 2246 536 2303 οὐδὲ
562 2250 631 2304 σύ
662 2251 863 2307 παύσει
893 2252 1021 2308 ποτὲ
1051 2258 1223 2307 ταῦτα
1252 2257 1445 2322 λέγων.
1507 2253 1694 2324 νόμιζε

18 2339 212 2386 τοίνυν
231 2331 322 2386 καὶ
341 2328 463 2398 παρ’
488 2333 628 2401 ἐμοῦ
648 2339 846 2402 χρῆναι
872 2334 1030 2402 ἔτερα
1058 2340 1285 2389 τοιαῦτα
1305 2332 1562 2405 άκούειν,
1600 2335 1694 2391 καὶ

14 2410 90 2483 μὴ
108 2413 358 2483 θαύμαζε
390 2411 475 2467 ὅτι
503 2411 609 2484 ἐγώ
637 2419 810 2468 ταῦτα
832 2417 1001 2484 λέγω,
1045 2412 1183 2470 ἄλλά
1207 2415 1311 2486 τὴν
1332 2421 1691 2487 φιλοσοφίαν,

14 2493 81 2551 τὰ
102 2493 201 2566 ἐμοὶ
225 2495 451 2550 παιδικά
465 2538 479 2564 ,
520 2502 739 2551 παῦσον
756 2502 928 2551 ταῦτα
948 2499 1234 2567 λέγουσαν.
1293 2498 1439 2568 λέγει
1466 2498 1573 2568 γάρ
1591 2541 1605 2567 ,
1647 2492 1692 2554 ὦ

16 2581 142 2645 φίλε
171 2578 376 2645 ἑταῖρε,
417 2575 499 2632 ἀεὶ
533 2575 568 2631 ὁὶ
596 2585 704 2632 νῦν
734 2580 870 2648 ἐμοῦ
911 2576 1159 2649 άκούεις,
1196 2586 1290 2635 καί
1316 2584 1416 2650 μοί
1438 2581 1550 2634 ἐστι
1577 2585 1692 2635 τῶν

16 2660 218 2727 ἑτέρων
239 2664 511 2715 παιδικῶν
531 2659 675 2715 πολὺ
695 2654 862 2730 ἦττον
881 2666 1209 2733 ἔμπληκτος·
1230 2659 1258 2717 ὁ
1279 2662 1381 2732 μὲν
1398 2660 1506 2732 γὰρ
1525 2667 1691 2717 Κλει-

0 2746 181 2807 νίειος
200 2734 361 2808 οὗτος
379 2743 575 2799 ἄλλοτε
596 2743 782 2798 ἄλλων
802 2746 914 2800 ἐστὶ
934 2742 1181 2816 λόγων,ἡ
1204 2743 1262 2801 δὲ
1284 2749 1588 2815 φιλοσοφία
1607 2742 1693 2800 ἀεὶ
