2020 3094
30 286 33 316 Γ
127 283 241 338 ἐστι
259 277 321 336 τὰ
343 275 613 351 ὑγιαίνειν
631 285 845 350 μᾶλλον
861 275 899 350 ἦ
914 277 976 334 τὸ
997 277 1259 350 κάμνειν,
1299 275 1428 350 ἡγεῖ
1442 275 1514 334 σύ
1545 286 1725 349 τουτί,
1758 300 1801 334 ω

805 64 1109 112 ΛΑΧΗΣ.
1739 61 1804 108 ⁷15

129 203 185 256 οἰ
198 200 258 257 δὲ
277 197 459 272 δήπου
478 203 749 254 τοσοῦτον
762 197 942 269 μόνον
962 204 1146 253 ἴσασιν
1160 218 1171 229 ·
1195 201 1247 253 εἰ
1261 197 1321 253 δὲ
1341 196 1528 253 δεινόν
1542 218 1617 271 τῳ
1637 199 1804 297 τοῦτο’

128 362 326 433 Λάχης,
345 359 476 426 τούς
495 358 718 431 ἰατροὺς
734 362 1087 424 ἐπίστασθαι;
1121 356 1158 431 ἦ
1175 358 1244 415 οὐ
1262 366 1486 426 πολλοῖς
1506 368 1610 417 οἴει
1628 362 1688 416 ἐκ
1708 365 1804 432 τῆς

126 444 301 500 νόσου
332 442 562 513 ἄμεινον
592 440 733 497 εἶναι
759 442 833 512 μὴ
866 439 1171 514 ἀναστῆναι
1205 438 1243 513 ἦ
1268 441 1602 514 άναστῆναι;
1638 447 1802 498 τοῦτο

125 523 231 595 γὰρ
265 526 406 580 εἰπέ·
437 523 509 578 σὺ
537 528 674 578 πᾶσι
702 521 811 595 φῂς
844 521 1072 593 ἄμεινον
1102 522 1243 579 εἶναι
1263 529 1363 597 ζῇν
1380 523 1560 580 καὶού
1579 530 1802 590 πολλοῖς
1831 529 1866 571 D

125 619 375 676 κρεῖττον
390 605 662 661 τεθνάναι
675 628 690 670 ;

263 692 381 742 ΛΑ.
441 685 606 756 Οἶμαι
628 690 799 756 ἔγωγε
818 685 984 741 τοῦτό
1004 709 1080 757 γε.

264 773 366 823 ΝΙ.
423 763 521 832 Οἷς
550 761 655 822 οὖν
683 767 953 823 τεθνάναι
977 775 1272 837 λυσιτελεῖ,
1310 767 1482 825 ταύτὰ
1510 777 1613 826 οἴει
1646 769 1800 826 δεινὰ

130 847 269 905 εἶναι
288 850 379 905 καὶ
397 843 480 913 οἷς
498 853 622 920 ζῇν;

264 937 383 987 ΛΑ.
435 929 555 986 Οὐκ
575 936 763 1002 ἔγωγε.

265 1018 371 1068 ΝΙ.
424 1010 584 1069 ’Λλλὰ
618 1018 785 1069 τοῦτο
815 1012 882 1084 δὴ
924 1011 994 1068 σύ
1025 1016 1191 1078 δίδως
1218 1026 1332 1079 τοῖς
1361 1019 1567 1084 ἰατροῖς
1593 1015 1800 1087 γιγνώ-

129 1113 283 1150 σκειν
299 1090 338 1166 ἦ
358 1092 508 1168 ἄλλῳ
530 1096 637 1151 τινὶ
657 1098 978 1169 δημιουργῷ
996 1095 1142 1167 πλὴν
1160 1102 1241 1170 τῷ
1258 1103 1371 1153 τῶν
1395 1100 1596 1154 δεινῶν
1613 1099 1706 1154 καὶ
1723 1118 1798 1168 μη
1887 1154 1894 1160 ,

125 1180 327 1232 δεινῶν
344 1175 694 1248 ἐπιστήμονι,
715 1174 784 1232 ὃν
802 1176 908 1248 ἐγώ
928 1175 1189 1248 ἀνδρεῖον
1207 1185 1360 1234 καλῶ
1375 1203 1390 1245 ;

265 1262 388 1313 ΣΩ.
441 1263 746 1323 Κατανοεῖς
760 1300 775 1327 ,
797 1252 842 1314 ὦ
859 1257 1069 1330 Λάχης,
1090 1257 1123 1315 ὅ
1141 1281 1192 1314 τι
1211 1261 1384 1329 λέγεις

262 1346 379 1395 ΛΑ.
422 1338 660 1410 Ἔγωγε,
678 1337 764 1395 ὅτι
781 1361 844 1410 γε
862 1337 995 1405 τοὺς
1012 1339 1234 1411 μάντεις
1253 1348 1412 1398 καλεῖ
1423 1341 1555 1408 τούς
1575 1340 1799 1412 ἀνδρεί-
1831 1354 1865 1395 Ε

123 1442 222 1485 ους
237 1441 249 1452 ·
286 1426 366 1486 τίς
394 1419 503 1492 γὰρ
533 1420 599 1493 δὴ
632 1420 800 1486 ἄλλος
818 1428 1020 1477 εἴσεται
1040 1420 1149 1495 ὅτῳ
1169 1420 1398 1493 ἄμεινον
1418 1429 1516 1497 ζῇν
1533 1421 1571 1497 ἦ
1590 1425 1800 1481 τεθνά-

123 1525 241 1567 ναι;
276 1507 453 1560 καίτοι
473 1502 546 1559 σύ
558 1545 573 1573 ,
606 1497 651 1559 ὦ
668 1509 839 1559 Νικία
851 1545 867 1573 ,
889 1503 1127 1573 πότερον
1146 1502 1429 1576 ὁμολογεῖς
1446 1505 1641 1578 μάντις
1660 1506 1801 1564 εἶναι

122 1580 159 1656 ἦ
179 1583 309 1641 οὔτε
326 1587 521 1656 μάντις
540 1586 668 1642 οὔτε
688 1583 969 1655 άνδρεῖοςς

263 1675 366 1726 ΝΙ.
430 1675 498 1726 Τί
522 1675 618 1727 δαί
624 1696 639 1737 ;
676 1670 871 1741 μάντει
901 1663 976 1724 αὖ
1000 1678 1103 1726 οἴει
1131 1670 1401 1743 προσήκει
1426 1670 1492 1727 τὰ
1525 1670 1679 1728 δεινοὶ
1713 1694 1800 1743 γι-

122 1755 400 1823 γνώσκειν
416 1754 507 1808 καὶ
525 1751 592 1808 τὰ
613 1756 926 1823 θαρραλέα;

263 1841 382 1892 ΑΛ.
428 1834 639 1907 ’Ὲγωγε
652 1858 663 1870 ·
684 1842 790 1892 τίνι
806 1837 913 1906 γὰρ
933 1835 1109 1900 ἄλλως

264 1925 447 1977 xxlv.
519 1926 623 1977 NI.
670 1913 757 1977 Ὧι
787 1922 893 1994 ἐγώ
923 1925 1062 1976 λε’νω
1094 1923 1239 1976 πολὺ
1267 1925 1508 1992 μᾶλλον,
1549 1914 1592 1977 ὦ
1623 1923 1803 1993 βέλη-

125 2020 214 2060 στε
234 2025 244 2035 ·
289 2003 405 2059 ἐπεὶ
432 2003 632 2075 μάντιν
649 2025 712 2074 γε
730 2001 797 2058 τὰ
824 2015 1019 2075 σημεῖα
1037 2004 1216 2075 μόνον
1238 2008 1326 2059 δεῖ
1337 2004 1670 2075 γιγνώσκειν
1688 2011 1803 2060 τῶν

124 2085 420 2156 ἐσομένων,
450 2092 557 2141 εἴτε
585 2106 661 2159 τῳ
679 2084 928 2151 θάνατος
947 2093 1054 2142 εἴτε
1080 2085 1248 2150 νόσος
1267 2094 1373 2142 εἴτε
1393 2085 1642 2159 ἀποβολὴ
1669 2108 1803 2157 χρη-

124 2165 316 2237 μάτων
347 2170 525 2236 ἔσται,
566 2174 672 2223 εἴτε
702 2172 826 2238 νίκη
858 2175 963 2223 εἴτε
990 2160 1125 2238 ἧττα
1145 2162 1182 2238 ἦ
1201 2170 1445 2238 πολέμου
1463 2164 1499 2239 ἦ
1518 2168 1608 2224 καὶ
1628 2166 1798 2239 ἄλλης
1834 2180 1919 2226 196

122 2248 274 2314 τινός
310 2246 576 2319 α’γωνίας·
615 2247 650 2304 ὅ
684 2271 735 2304 τι
772 2253 834 2305 δέ
857 2271 933 2323 τῳ
966 2248 1196 2320 ἄμεινον
1224 2248 1441 2306 τούτων
1468 2246 1505 2321 ἢ
1535 2258 1739 2307 παθεῖν
1766 2246 1800 2320 ἢ

123 2329 196 2402 μή
224 2338 456 2400 παθεῖν,
494 2336 551 2386 τί
582 2337 796 2402 μᾶλλον
823 2333 1017 2402 μάντει
1055 2332 1322 2403 προσήκει
1358 2343 1544 2401 κρῖναι
1579 2329 1616 2404 ἢ
1652 2331 1799 2407 ἄλλῳ

124 2415 371 2492 ὁτῳοῦνς

265 2508 382 2556 ΛΑ.
437 2498 582 2555 Ἀλλ’
621 2499 727 2570 ἐγώ
748 2506 951 2555 τοῦτον
980 2499 1049 2556 οὐ
1072 2500 1375 2572 μανθάνω,
1417 2493 1461 2556 ὦ
1490 2500 1800 2568 Σώκρατες,

124 2581 157 2636 ὅ
175 2604 226 2637 τι
252 2582 512 2654 βούλεται
544 2584 749 2652 λέγειν·
792 2581 921 2637 οὔτε
951 2580 1058 2652 γὰρ
1079 2583 1281 2654 μάντιν
1300 2580 1428 2638 οὔτε
1460 2580 1654 2651 ἰατρὸν
1672 2580 1802 2637 οὕτε

124 2663 296 2720 ἄλλον
323 2662 527 2721 οὐδένα
558 2667 715 2735 δηλοῖ
740 2662 933 2719 ὅντινα
964 2664 1108 2734 λέγει
1138 2662 1238 2720 τόν
1265 2662 1553 2735 ἀνδρεῖον,
1590 2662 1727 2733 εἰμὴ
1754 2667 1804 2718 εί

125 2746 264 2801 θεόν
282 2768 406 2802 τινα
435 2748 579 2817 λέγει
611 2743 786 2800 αὐτὸν
816 2743 971 2801 εἶναι.
1009 2747 1127 2816 ἐμοὶ
1154 2748 1255 2816 μὲν
1285 2739 1390 2802 οὖν
1421 2750 1675 2817 φαίνεται
1695 2749 1791 2798 No·
