2020 3094
292 126 363 176 46
887 127 1062 173 ΠΛΛ
1079 125 1358 175 ΤΩΝΟΣ

293 261 384 314 καὶ
418 256 452 329 ἡ
490 258 673 314 τοιάδε
710 260 898 324 σκέψις
933 261 1009 322 εἰς
1034 255 1240 312 ταύτόν
1268 262 1449 328 φέρει,
1488 260 1682 328 σχεδὸν
1712 261 1774 315 δέ
1797 281 1848 314 τι
1869 262 1959 316 καὶ

294 345 506 410 μᾶλλον
526 341 579 405 ἐξ
607 337 776 409 ἀρχῆς
806 346 888 408 εἴη
919 336 1004 392 ἄν.
1062 343 1112 394 εἰ
1125 337 1232 408 γὰρ
1251 339 1595 410 τυγχάνομεν
1613 340 1958 412 ἐπιστάμενοι

296 419 534 477 ὁτουοῦν
553 423 704 492 πέρι,
726 419 811 477 ὅτι
831 419 1285 491 παραγενόμενόν
1299 441 1374 494 τςο
1394 423 1610 492 βέλτιον
1630 425 1959 478 ποιεῑέκεῖνο

297 494 342 575 ᾦ
362 504 689 571 παρεγένετο
702 543 717 571 ,
751 502 841 557 καὶ
859 502 1082 569 προσέτι
1101 497 1211 556 οἷοί
1227 502 1289 555 τέ
1311 501 1472 571 ἐσμεν
1492 499 1626 557 αὐτὰ
1659 514 1835 558 ποιεῖν
1854 523 1962 558 πα-
2006 534 2007 538 =

298 588 659 654 ραγίγνεσθαι
678 586 895 656 ἐκείνῳ,
933 586 1105 652 δῆλον
1123 580 1206 637 ὅτι
1234 579 1370 638 αὐτό
1389 602 1451 651 γε
1480 589 1637 652 ἴσμεν
1661 590 1851 656 τοῦτο,
1890 577 1962 639 οὗ

298 666 424 735 πέρι
453 663 762 735 σύμβουλοι
794 660 865 718 ἂν
893 668 1190 733 γενοίμεθα
1222 661 1294 728 ὥς
1314 662 1386 718 ἄν
1412 685 1492 728 τις
1512 662 1646 720 αὐτὸ
1677 667 1850 738 ρ”ᾇστα
1871 665 1962 719 καὶ

299 743 466 816 ἄριστ’
492 741 566 799 ὄίν
583 744 855 815 κτήσαιτο.
914 752 1045 809 ἴσως
1072 737 1179 799 οὖν
1204 741 1274 799 ού
1292 744 1612 814 μανθάνετέ
1624 767 1733 816 μου
1752 744 1783 800 ὅ
1802 767 1853 800 τι
1872 748 1960 800 λε’-

298 847 378 895 γω
391 867 407 897 ,
434 824 545 881 ἀλλ’
572 819 678 881 ὦδε
697 829 836 899 ῥᾷον
854 825 1195 896 μαθήσεσθε.
1247 829 1297 881 εἰ
1311 826 1653 896 τυγχάνομεν
1672 827 1958 896 ἐπιστάμε-

187 918 268 963 190
296 929 399 979 νοι,
412 907 496 962 ὅτι
511 906 635 973 ὄψις
647 909 1062 978 παραγενομένη
1079 905 1391 978 ὀφθαλμοῖς
1404 914 1653 978 βελτίους
1667 921 1816 964 ποιεῖ
1823 911 1962 965 έκεί-
2002 932 2020 987 43:

297 1011 432 1054 νους
451 985 532 1053 οἷς
551 991 878 1060 παρεγένετο
894 1032 907 1058 ,
929 991 1020 1045 καὶ
1039 992 1261 1060 προσέτι
1278 985 1389 1045 οἷοί
1400 992 1461 1045 τέ
1474 992 1640 1061 ἐσμεν
1658 1002 1836 1046 ποιεῖν
1858 989 1962 1045 αύ-
2010 992 2020 1044 ξ

297 1068 400 1141 τὴν
418 1077 859 1142 παραγίγνεσθαι
879 1068 1110 1140 ὄμμασι,
1150 1074 1321 1140 δῆλον
1346 1067 1431 1125 ὅτι
1449 1069 1580 1137 ὅφιν
1598 1092 1659 1141 γε
1681 1079 1839 1143 ἴσμεν
1859 1070 1966 1127 αύ-
2008 1076 2009 1079 ’

295 1150 399 1223 τὴν
417 1158 471 1207 τί
488 1149 601 1207 ποτ’
623 1156 796 1222 ἔστιν,
826 1145 892 1222 ἧς
914 1153 1038 1222 πέρι
1055 1152 1362 1223 σύμβουλοι
1389 1148 1462 1208 o'c'v
1482 1160 1781 1224 γενοίμεθα
1799 1152 1872 1220 ὡς
1891 1154 1961 1219 ἄν

296 1256 376 1299 τις
405 1231 581 1305 αὐτὴν
605 1235 779 1306 ῥᾷστα
809 1234 900 1289 καὶ
921 1232 1116 1303 ἄριστα
1144 1234 1416 1305 κτήσαιτο.
1473 1241 1523 1291 εί
1546 1234 1653 1306 γάρ
1673 1236 1804 1307 μηδ’
1824 1234 1959 1292 αὐτὰ
2008 1283 2011 1285 .

295 1322 458 1372 τοῦτο
495 1318 792 1386 εἰδείημεν,
815 1314 848 1371 ὅ
885 1321 942 1371 τί
972 1313 1087 1371 ποτ’
1108 1321 1256 1372 ἔστιν
1279 1315 1404 1384 ὄψις
1430 1313 1467 1388 ἦ
1493 1316 1527 1374 ὅ
1543 1340 1595 1374 τι
1629 1323 1777 1373 ἔστιν
1804 1316 1964 1390 ἀκοή,
2008 1334 2020 1410 3

298 1403 469 1469 σχολῇ
484 1393 555 1451 ἂν
574 1396 886 1467 σύμβουλοί
908 1418 972 1467 γε
1002 1397 1143 1463 ἄξιοι
1171 1399 1342 1468 λόγου
1364 1405 1661 1470 γενοίμεθα
1681 1401 1770 1455 καὶ
1790 1402 1965 1470 ἰατροὶ
2016 1428 2020 1463 3

296 1475 332 1549 ἦ
351 1480 474 1549 περὶ
494 1477 808 1548 ὀφθαλμοῖν
835 1474 872 1549 ἦ
900 1481 1023 1548 περὶ
1048 1477 1231 1550 ὤτων,
1271 1478 1463 1536 ὅντινα
1489 1481 1698 1550 τρόπον
1722 1480 1897 1553 ἀκοὴν
1928 1479 1964 1552 ἢ
2013 1487 2020 1553 3

233 1568 266 1608 B
298 1559 431 1626 ὄψιν
450 1557 687 1615 κάλλιστ’
708 1555 780 1614 ἂν
799 1558 1058 1630 κτήσαιτό
1076 1581 1170 1624 τις.

438 1647 556 1696 ΛΑ.
592 1640 795 1711 Ἀληθῆ
816 1643 987 1711 λέγεις
1002 1682 1015 1709 ,
1037 1634 1083 1695 ὦ
1102 1641 1410 1711 Σώκρατες.
2007 1688 2010 1690 -

437 1727 572 1779 XVI.
646 1727 769 1777 ΣΩ.
831 1720 1084 1793 Οὐκοῦν,
1125 1716 1170 1776 ὦ
1186 1723 1397 1794 Λάχης,
1435 1724 1526 1780 καὶ
1543 1731 1651 1779 νῦν
1668 1722 1807 1796 ἡμᾶς
1827 1725 1966 1781 τώδε
2013 1723 2020 1770 f

299 1809 700 1874 παρακαλεῖτον
719 1808 795 1867 εἰς
814 1803 1166 1874 συμβουλήν,
1202 1803 1298 1859 τίν’
1322 1800 1394 1859 ἂν
1420 1806 1630 1874 τρόπον
1657 1818 1769 1871 τοῖς
1787 1810 1965 1862 υἱέσιν
2018 1825 2020 1827 ·

300 1882 484 1939 αὐτῶν
512 1882 676 1955 άρετή
708 1888 1124 1956 παραγενομένη
1152 1898 1268 1951 ταῖς
1292 1896 1488 1956 ψυχαῖς
1516 1884 1774 1957 ἀμείνους
1802 1888 1964 1959 ποιή-

299 1981 472 2031 σειεν;

435 2053 554 2104 ΛΑ.
607 2048 772 2103 Πάνυ
799 2069 876 2117 γε.

440 2135 565 2184 ΣΩ.
613 2123 719 2198 Ἆρ’
743 2123 851 2184 οὖν
870 2128 1033 2184 τοῦτό
1052 2127 1095 2199 γ’
1119 2126 1386 2201 ὑπάρχειν
1404 2134 1511 2202 δεῖ,
1550 2129 1610 2187 τὸ
1637 2133 1838 2187 εἰδέναι
1866 2130 1897 2187 ὅ
1917 2137 1968 2186 τί
2011 2179 2016 2182 ,

300 2208 414 2265 ποτ’
429 2215 576 2266 ἔστιν
593 2209 784 2282 ἀρετή,
824 2214 874 2266 εἰ
887 2209 996 2280 γάρ
1015 2230 1125 2265 που
1141 2209 1272 2281 μηδ’
1304 2209 1508 2282 ἀρετὴν
1527 2216 1760 2283 εἰδεῖμεν
1779 2211 1840 2269 τό
1860 2233 1966 2268 πα-

301 2292 486 2359 ράπαν
520 2289 553 2346 ὅ
589 2298 644 2347 τί
679 2312 810 2347 ποτε
848 2291 1106 2362 τυγχάνει
1134 2291 1228 2363 ὅν,
1285 2289 1380 2348 τίν’
1423 2289 1494 2349 ἂν
1521 2294 1730 2362 τρόπον
1764 2294 1967 2350 τούτου

300 2371 609 2442 σύμβουλοι
636 2379 936 2444 γενοίμεθα
966 2371 1207 2445 ὁτῳοῦν,
1248 2372 1398 2438 ὅπως
1432 2369 1504 2429 ἄν
1540 2372 1674 2429 αὐτὸ
1704 2375 1966 2431 κάλλιστα

239 2461 269 2501 C
298 2451 590 2522 κτήσαιτο;

440 2540 557 2589 ΛΑ.
615 2533 862 2604 Οὐδένα,
883 2539 1066 2606 ἔμοιγε
1087 2541 1263 2606 δοκεῖ,
1285 2530 1330 2593 αἶ
1347 2536 1653 2606 Σώκρατες.

439 2620 563 2669 ΣΩ.
623 2616 813 2686 Φαμὲν
833 2615 968 2687 ἄρα,
991 2612 1035 2673 (ὅ
1052 2617 1265 2689 Λάχης,
1296 2618 1497 2674 εἰδέναι
1515 2614 1650 2673 αὐτὸ
1673 2616 1706 2674 ὅ
1723 2639 1770 2673 τι
1800 2622 1958 2674 ἔστιν,

439 2702 558 2751 ΛΑ.
612 2698 803 2767 Φαμὲν
819 2698 1018 2767 μέντοι.
