2020 3094
279 110 349 160 90
893 88 1368 159 ΠΛΑΤῼΝΟΣ
1923 117 1952 159 2

279 247 386 299 θέν
404 249 543 300 εἰσιν
560 248 619 300 ἐκ
639 251 778 301 Χίου
793 287 806 313 ,
844 242 1147 315 άπςόκησαν
1168 242 1226 298 δὲ
1245 245 1297 307 ἐς
1316 247 1614 313 Θουρίους,
1653 243 1954 314 φεύγοντες
2016 249 2020 272 ³

278 327 340 382 δὲ
359 329 577 382 ἐκεῖθεν
596 325 758 383 πόλλ’
777 328 882 397 ἤδη
905 330 993 396 ἔτη
1014 326 1138 392 περὶ
1157 324 1355 380 τούσδε
1374 323 1504 390 τούς
1522 325 1725 389 τόπους
1745 329 1953 393 διατρί-

279 414 507 478 βουσιν·
545 405 576 462 ὃ
607 410 666 463 δὲ
696 406 766 462 σὺ
795 409 1000 480 ἐρωτᾷς
1025 405 1127 477 τὴν
1156 412 1361 478 σοφίαν
1391 404 1610 477 αὐτοῖν,
1646 412 1950 477 θαυμασία,

282 485 327 545 ὦ
354 495 603 558 Κρίτων·
642 491 924 561 πάνσοφοι
954 489 1190 560 ἀτεχνῶς
1219 489 1295 544 τώ
1324 511 1415 559 γε,
1437 486 1558 544 οὐδ’
1580 488 1683 562 ᾔδη
1705 489 1809 559 πρὸ
1831 496 1951 560 τοῦ,

283 572 314 626 ὅ
332 594 383 626 τι
402 569 512 627 εἷεν
532 574 586 626 οί
608 579 1053 643 παγκρατιασταί.
1076 572 1252 627 τούτω
1271 573 1378 642 γάρ
1400 574 1557 626 ἐστον
1587 576 1786 645 κομιδῇ
1806 592 1954 642 παμ-
2018 595 2020 598 ·

282 657 434 727 μάχῳ
448 698 463 727 ,
502 655 570 711 οὐ
601 657 736 712 κατὰ
756 656 830 711 τιὸ
851 655 1153 726 Ἀκαρνᾶνε
1172 654 1247 710 τώ
1269 653 1681 726 παγκρατιαστὰ
1704 653 1952 724 ἀδελφώ·

216 752 254 793 Ι)
284 744 475 796 ἐκείνω
512 742 613 811 μὲν
639 739 745 811 γάρ
774 747 849 811 τῷ
880 740 1090 810 σώματι
1117 740 1294 809 μόνον
1320 742 1416 793 οἵω
1445 759 1503 792 τε
1532 737 1806 808 μάχεσθαι
1834 739 1955 807 ἐγε-

281 826 494 894 νέσθην
509 844 520 854 ·
540 823 719 878 τούτω
737 823 795 878 δὲ
811 829 1031 894 πρῶτον
1049 820 1151 892 μὲν
1165 827 1239 894 τῷ
1257 820 1466 891 σώματι
1485 819 1779 874 δεινοτάτω
1795 817 1955 876 ἐστὸν
2000 854 2020 863 .,

283 907 372 962 καὶ
390 905 533 979 μάχῃ
546 948 561 974 ,
600 899 639 978 ᾗ
657 906 882 961 πάντων
901 909 1013 960 ἔστι
1033 914 1279 974 κρατεῖν·
1313 904 1372 957 ἐν
1392 901 1580 966 ὅπλοις
1598 901 1705 973 γὰρ
1727 900 1878 957 αὐτώ
1898 923 1954 956 τε

166 993 253 1039 272
286 986 442 1059 σοφώ
464 988 615 1043 πάνυ
634 987 907 1059 μάχεσθαι
927 990 1017 1042 καὶ
1038 985 1235 1054 ἄλλον,
1267 981 1325 1049 ὃς
1343 981 1413 1039 ἂν
1435 988 1568 1058 διδῷ
1587 985 1823 1055 μισθόν,
1856 987 1953 1057 οἵω

284 1093 341 1126 τε
375 1077 623 1141 ποιῆσαι·
668 1076 850 1126 ἔπειτα
880 1068 981 1139 τὴν
1011 1071 1072 1123 ἐν
1100 1079 1212 1130 τοῖς
1234 1071 1599 1138 δικαστηρίοις
1619 1068 1798 1138 μάχην
1817 1089 1956 1139 κρα-

284 1159 447 1209 τίστω
477 1154 568 1208 καὶ
595 1150 979 1222 ἀγωνίσασθαι
1007 1152 1098 1206 καὶ
1128 1150 1300 1205 ἄλλον
1329 1151 1541 1216 διδάξαι
1569 1152 1751 1222 λέγειν
1777 1172 1834 1205 τε
1865 1151 1955 1205 καὶ

281 1234 710 1306 συγγράφεσθαι
738 1234 938 1304 λόγους
968 1236 1119 1296 οιόυς
1148 1238 1224 1297 εἰς
1252 1255 1318 1286 τα
1352 1234 1688 1303 δικαστήρια.
1729 1233 1833 1302 πρὸ
1856 1226 1955 1287 τοῦ

284 1340 384 1387 μεν
404 1310 508 1372 οὖν
528 1323 699 1372 ταῦτα
721 1316 881 1372 δειναὶ
904 1316 1078 1387 ἤστην
1098 1316 1293 1385 μόνον,
1315 1322 1423 1370 νῦν
1442 1316 1501 1372 δὲ
1520 1317 1673 1380 τέλος
1691 1317 1957 1371 ἐπιτεθεί-

284 1421 453 1455 κατον
473 1406 936 1470 παγκρατιαστικῇ
957 1403 1130 1470 τέχνη.
1152 1394 1188 1468 ἣ
1206 1419 1312 1497 γαρ
1330 1391 1401 1468 ἦν
1420 1396 1580 1469 λοιπὴ
1604 1396 1795 1454 αὐτοῖν
1814 1397 1954 1469 μάχη

284 1481 474 1582 ἀργός,
490 1482 697 1553 ταύτην
716 1488 825 1537 νῦν
844 1483 1229 1552 ἐξείργασθον,
1253 1479 1390 1535 ὥστε
1410 1479 1539 1552 μηδ’
1563 1477 1635 1536 α“ν
1653 1483 1749 1536 ε’να
1773 1480 1958 1544 αὐτοῖς

285 1561 410 1621 οἶόν
427 1562 474 1620 τ’
497 1563 635 1619 εἶναι
655 1563 786 1635 μηδ’
808 1562 1065 1631 άνταραι·
1088 1562 1235 1618 οὕτω
1258 1562 1420 1619 δεινῶ
1440 1565 1745 1634 γεγόνατον
1768 1567 1826 1620 ἐν
1845 1575 1957 1627 τοῖς

285 1649 471 1718 λόγοις
508 1647 787 1718 μάχεσθαί
826 1669 883 1702 τε
933 1648 1024 1702 καὶ
1072 1648 1369 1716 ἐξελέγχειν
1415 1646 1475 1701 τὸ
1517 1644 1600 1702 άεὶ
1636 1647 1954 1717 λεγόμενον,

224 1747 256 1787 Β
289 1730 489 1801 ὁμοίως
510 1731 607 1785 ἐάν
625 1752 683 1784 τε
705 1734 908 1795 ψεῦδος
937 1729 1035 1784 ἐάν
1064 1751 1121 1783 τε
1152 1727 1355 1798 ἀληθὲς
1384 1722 1434 1801 ᾗ.
1475 1729 1580 1799 ε’γώ
1611 1751 1719 1831 μεν,
1740 1721 1872 1796 οὖν,
1914 1749 1955 1782 ω

285 1820 535 1884 Κρίτων,
572 1815 634 1868 ἐν
662 1818 742 1885 νῷ
775 1817 878 1881 ἔχω
909 1822 1028 1866 τοῖν
1059 1808 1289 1878 ανδροῖν
1318 1816 1666 1879 παραδοῦναι
1693 1810 1955 1880 ἐμαυτόν·

285 1898 376 1951 καὶ
395 1896 502 1966 γάρ
525 1916 702 1965 φατον
719 1898 779 1949 ἐν
796 1893 960 1965 ὀλίγῳ
982 1894 1162 1965 χρόνῳ
1180 1899 1403 1963 ποιῆσαι
1434 1888 1505 1947 ὅίν
1534 1896 1624 1948 καὶ
1657 1892 1827 1948 ἄλλον
1858 1890 1955 1947 ὁν-
1995 1934 1998 1935 ⁷

287 1986 481 2035 τινοῦν
498 1976 564 2033 τὰ
586 1975 723 2031 αὐτοὶ
744 1984 915 2031 ταῦτα
935 1976 1136 2031 δεινόν.

283 2143 390 2216 ἤδη
412 2144 785 2215 πρεσβύτερος
802 2146 894 2215 2'295

426 2231 550 2282 ΣΩ.
593 2224 828 2282 ’Ήκιστά
847 2249 908 2297 γε
923 2269 936 2295 ,
975 2221 1020 2281 ὦ
1036 2231 1283 2294 Κρίτων·
1325 2220 1521 2278 ἰκανὸν
1540 2223 1837 2294 τεκμήριον
1856 2228 1956 2292 ἔχω

427 2067 535 2116 KP.
599 2067 664 2115 Τί
682 2063 767 2130 δέ,
808 2053 852 2114 ὦ
870 2059 1193 2129 Σώκρατες;
1232 2056 1300 2112 οὐ
1320 2063 1488 2128 φοβεῖ
1499 2055 1600 2128 τὴν
1615 2055 1861 2128 ἡλικίαν,
1883 2059 1956 2128 μὴ

286 2311 378 2366 καὶ
397 2309 759 2380 παραμύθιον
778 2316 878 2364 τοῦ
898 2308 970 2380 μὴ
993 2315 1306 2380 φοβεῖσθαι.
1345 2303 1493 2360 αὐτώ
1514 2305 1620 2375 γάρ
1639 2306 1844 2373 τούτω,
1885 2303 1959 2369 ὠς
2000 2319 2001 2322 ’

288 2398 418 2456 ἔπος
446 2397 644 2462 εἰπεῖν,
683 2394 907 2461 γέροντε
938 2390 1064 2446 ὅντε
1085 2389 1374 2462 ἠρξάσθην
1401 2389 1601 2458 ταύτης
1627 2395 1723 2458 τῆς
1742 2393 1955 2458 σοφίας,
2000 2451 2006 2465 2

287 2467 353 2544 ἦς
374 2478 542 2544 ἔγωγε
562 2476 842 2543 ἐπιθυμῶ,
881 2481 975 2544 τῆς
993 2478 1285 2545 ἐριστικῆς·
1326 2477 1522 2540 πέρυσι
1546 2473 1603 2527 δὲ
1622 2467 1660 2542 ἦ
1677 2473 1957 2539 προπέρυ-
1996 2494 2000 2533 j

223 2567 257 2608 C
289 2573 379 2610 σιν
411 2555 627 2612 οὐδέπω
656 2556 829 2627 ἤστην
858 2556 1031 2626 σοφώ.
1067 2554 1190 2612 ἀλλ’
1225 2554 1330 2626 ἐγώ
1362 2559 1422 2610 ἓν
1451 2555 1627 2625 μόνον
1657 2560 1954 2625 φοβοῦμαι,
2002 2567 2004 2572 “

287 2637 361 2709 μὴ
391 2632 462 2693 αὖ
492 2637 705 2702 ὄνειδος
732 2651 850 2694 τοῖν
880 2642 1061 2703 ξένοιν
1096 2638 1374 2707 περιάψω,
1414 2636 1597 2704 ὥσπερ
1639 2636 1842 2711 Κόννῳ
1881 2643 1957 2710 τῷ

286 2726 642 2793 Μητροβίου,
684 2727 759 2795 τῷ
791 2727 1112 2792 κιθαριστῇ,
1154 2719 1214 2785 ὃς
1231 2721 1323 2790 ἐμὲ
1354 2719 1597 2774 διδάσκει
1628 2724 1705 2775 ἔτι
1729 2720 1820 2774 καὶ
1847 2725 1958 2773 νῦν

286 2809 614 2872 κιθαρίζειν·
653 2801 891 2872 ὁρῶντες
921 2797 1026 2857 οὖν
1054 2807 1110 2858 οἶ
1136 2807 1321 2866 παῖδες
1361 2804 1415 2856 οἱ
1448 2807 1817 2871 συμφοιτηταί
1848 2823 1955 2870 μου

2010 2722 2020 2792 ξ

2008 2791 2020 2870 zs‘
