1962 3112
58 140 131 191 ω
614 131 1187 182 ΠΡΩΤΑΓΟΡΑΣ.
1645 125 1749 180 187

66 269 180 343 νὴν
205 269 381 342 αὐτὴν
412 271 636 340 ἐρωτῶν
665 271 717 322 εἰ
741 263 845 320 ούκ
870 261 1092 334 αγαθόν
1109 265 1271 319 ἐστιν.
1331 260 1542 362 ’Ὠσπερ
1564 262 1636 317 σὺ
1654 265 1748 319 λε’-

72 374 207 423 γεις,
226 354 360 422 ἔφη,
391 349 675 419 ἑκάστοτε,
698 370 740 403 ω
763 345 1087 415 Σώκρατες,
1110 342 1448 414 σκοπώμεθα
1469 340 1632 414 αὐτό,
1652 344 1746 399 ,καὶ

63 435 170 488 ἐὰν
205 435 306 503 μὲν
342 428 481 500 πρὸς
517 430 687 500 λόγον
724 432 860 500 δοκῇ
890 425 1031 482 εἶναι
1058 424 1120 482 τὸ
1151 430 1363 496 σκέμμα
1393 427 1483 481 καὶ
1510 422 1571 482 τὸ
1607 422 1742 482 am&

70 518 332 584 φαίνηται
348 511 458 583 ἡδύ
478 534 532 567 τε
552 513 642 567 καὶ
668 507 916 581 ἀγαθόν,
955 508 1457 579 συγχωρησόμεθα·
1495 513 1545 564 εί
1562 511 1622 564 δὲ
1649 508 1743 579 μή,

62 594 191 650 τότε
210 595 314 694 ἤδη
335 591 837 666 ἀμφισβητήσομεν.
912 589 1164 658 Πότερον
1182 583 1315 658 οὖν,
1346 583 1417 660 ἦν
1435 586 1488 644 δ’
1506 588 1641 660 ἐγώ,
1673 587 1745 644 σύ

71 677 262 747 βούλει
280 675 640 747 ἡγεμονεύειν
659 681 754 744 τῆς
774 675 1034 740 σκέψεως,
1056 695 1088 770 η
1070 667 1264 741 ”ἐγώ’
1238 693 1475 742 ηγωμαι;
1495 675 1740 772 Δίκαιος,

71 763 195 828 ἔφη,
218 756 289 813 σύ
307 754 685 828 ἡγεῖσθαι·σύ
704 753 811 826 γὰρ
836 756 927 809 καὶ
950 754 1234 823 κατάρχεις
1251 759 1355 807 τοῦ
1371 751 1557 822 λόγου.
1622 746 1740 823 Λρ’

63 832 204 907 οὖν,
238 832 313 910 ἦν
347 836 400 893 δ’
441 838 575 908 ἐγώ,
619 840 749 910 τῇδέ
787 858 862 909 πῃ
899 837 1211 904 καταφανὲς
1247 830 1320 889 ἂν
1346 832 1479 906 ἡμῖν
1503 841 1746 906 γένοιτο;

74 937 259 989 ωσπερ
298 929 350 976 εἰ
375 942 456 984 τις
496 918 804 988 ἄνθρωπον
839 924 1066 973 σκοπῶν
1102 920 1162 972 ἐκ
1193 922 1294 970 τοῦ
1326 920 1509 981 εἴδους
1541 914 1578 987 ἢ
1608 915 1746 988 πρὸς

75 999 285 1072 ὑγίειαν
307 999 344 1072 ἦ
372 999 511 1071 πρὸς
533 1001 667 1056 ἄλλο
697 1023 747 1055 τι
767 1006 880 1054 τῶν
897 1006 1000 1054 τοῦ
1019 999 1269 1070 σώματος
1287 1003 1493 1070 ἔργων,
1525 999 1662 1055 ἰδών
1681 998 1742 1056 τὸ

73 1081 374 1152 πρόσωπον
400 1085 491 1138 καὶ
510 1082 606 1148 τὰς
633 1094 813 1154 χεῖρας
833 1081 1004 1151 ἄκρας
1025 1090 1193 1137 εἴποι·
1223 1090 1308 1137 ἴθι
1328 1082 1397 1153 δή
1421 1104 1514 1153 μοι
1534 1081 1746 1136 ἀποκα-

65 1164 248 1230 λύψας
278 1166 366 1219 καὶ
395 1163 460 1218 τὰ
491 1165 672 1235 στήθη
704 1166 795 1220 καὶ
831 1163 892 1219 τὸ
930 1164 1281 1235 μετάφρενον
1317 1157 1615 1235 ἐπίδειξον,
1652 1166 1745 1218 ἵνα

68 1249 442 1316 ἐπισκέψωμαι
457 1250 798 1317 σαφέστερον
815 1268 825 1278 ·
846 1249 935 1301 καὶ
956 1244 1059 1316 ἐγώ
1083 1246 1338 1302 τοιοῦτόν
1351 1269 1403 1303 τι
1422 1253 1587 1303 ποθι-ὅ
1606 1244 1744 1317 πρὸς

74 1327 176 1398 τὴν
195 1331 390 1394 σκέψιν
403 1351 413 1360 ·
450 1329 799 1399 θεασάμενος
828 1326 914 1383 ὅτι
936 1326 1113 1393 οὕτως
1132 1333 1268 1399 ἔχεις
1286 1328 1424 1398 πρὸς
1441 1327 1501 1385 τὸ
1524 1327 1746 1399 ἀγαθὸν

73 1411 165 1466 καὶ
182 1408 243 1466 τὸ
265 1408 403 1481 ἡδύ,
426 1407 499 1475 ὥς
517 1410 643 1483 φῄς,
665 1414 856 1480 δέομαι
873 1409 1128 1466 τοιοῦτόν
1147 1433 1200 1466 τι
1220 1416 1394 1467 εἰπεῖν
1408 1433 1418 1444 ·
1442 1419 1527 1468 ἴθι
1547 1410 1614 1483 δή
1634 1432 1744 1483 μοι,

71 1485 119 1548 ὦ
137 1491 506 1561 Πρωταγόρα,
545 1492 637 1546 καὶ
666 1491 791 1547 τόδε
811 1497 908 1562 τῆς
937 1494 1182 1557 διανοίας
1201 1490 1591 1560 ἄποκοέλυψον·
1631 1499 1747 1558 πῶς

72 1579 208 1644 ἔχεις
227 1571 364 1643 πρὸς
383 1573 715 1643 ἑπιστήμηνς
736 1571 972 1640 πότερον
991 1574 1081 1628 καὶ
1097 1574 1263 1628 τοῦτό
1284 1590 1371 1629 σοι
1392 1579 1546 1630 δοκεῖ·
1561 1574 1746 1645 ὥσπερ

75 1667 189 1720 τοῖς
207 1661 429 1718 πολλοῖς
450 1652 803 1724 ἀνθρώποις,
845 1650 876 1724 ἦ
894 1653 1099 1721 &mmm
1140 1659 1296 1711 δοκεῖ
1310 1656 1368 1712 δὲ
1387 1669 1500 1722 τοῖς
1525 1664 1748 1723 πολλοῖς

74 1737 199 1806 περὶ
227 1735 523 1807 ἐπιστήμης
550 1739 804 1792 τοιοῦτόν
835 1759 912 1806 τι,
953 1734 1056 1792 οὐκ
1087 1736 1318 1808 ἰσχυρὸν
1337 1736 1461 1794 οὐδ’
1484 1737 1747 1810 ἡγεμονι-

74 1818 178 1874 κὸν
216 1815 341 1873 οὐδ’
379 1815 607 1888 ἀρχικὸν
644 1816 808 1874 εἶναι·
846 1816 977 1875 οὐδὲ
1013 1816 1087 1884 ὥς
1121 1820 1244 1887 περὶ
1273 1819 1530 1876 τοιούτου
1571 1819 1748 1876 αὐτοῦ

70 1898 234 1964 ὄντος
273 1903 653 1970 διανοοῦνται,
699 1897 823 1955 ἀλλ’
870 1900 1102 1971 ἐνούσης
1146 1901 1412 1966 πολλάκις
1456 1899 1744 1974 ἀνθρώπῳ

72 1980 364 2052 ἐπιστήμης
394 1977 462 2035 ού
480 1978 584 2051 τὴν
603 1981 905 2052 ἐπιστήμην
924 1979 1097 2037 αὐτοῦ
1129 1982 1343 2053 ἄρχειν,
1376 1980 1495 2038 ἀλλ’
1521 1981 1655 2038 ἄλλο
1676 2005 1745 2054 τι,

74 2062 191 2118 τοτὲ
210 2062 311 2134 μὲν
331 2063 549 2134 θυμόν,
590 2063 709 2119 τοτὲ
730 2065 788 2120 δὲ
807 2063 1045 2137 ἡδονήν,
1086 2067 1206 2123 τοτὲ
1237 2069 1295 2122 δὲ
1322 2066 1533 2138 λύπην,
1573 2068 1747 2122 ἐνίοτε

73 2144 133 2200 δὲ
154 2149 353 2214 ἔρωτα,
372 2144 634 2210 πολλάκις
653 2148 711 2200 δὲ
731 2145 939 2216 φόβον,
962 2145 1198 2219 ἀτεχνῶς
1216 2148 1605 2219 διανοούμενοι
1624 2149 1748 2220 περὶ

74 2232 170 2296 τῆς
186 2225 507 2297 ἐπιστήμης,
546 2225 728 2295 ὥσπερ
750 2230 873 2295 περὶ
894 2226 1282 2299 ἀνδραπόδου,
1320 2232 1745 2300 περιελκομένης

74 2306 184 2363 ὑπὸ
223 2314 334 2363 τῶν
368 2306 556 2363 ἄλλων
594 2306 875 2363 ἁπάντων.
916 2303 1008 2378 ἆρ’
1041 2303 1146 2363 οὖν
1176 2312 1267 2364 καὶ
1297 2311 1383 2366 σοὶ
1411 2311 1668 2367 τοιοῦτόν
1698 2332 1748 2365 τι

72 2390 196 2459 περὶ
227 2386 396 2460 αὐτῆς
431 2393 606 2458 δοκεῖ,
643 2386 678 2460 ἢ
706 2391 878 2446 καλόν
905 2412 962 2446 τε
997 2389 1131 2446 εἶναι
1162 2389 1196 2461 ἡ
1227 2392 1493 2464 ἐπιστήμη
1514 2394 1606 2450 καὶ
1626 2389 1747 2449 οἷον

72 2470 261 2543 ἄρχειν
279 2478 382 2527 τοῦ
412 2469 748 2541 ἀνθρώπου,
788 2473 878 2527 καὶ
897 2473 1100 2542 ἐάνπερ
1125 2473 1406 2547 γιγνώσκῃ
1426 2497 1507 2539 τις
1527 2473 1745 2545 τάγαθὰ

70 2549 246 2609 καὶτὰ
269 2552 436 2624 κακά,
475 2551 548 2624 μὴ
571 2549 642 2608 ἂν
661 2561 1009 2626 κρατηθῆναι
1030 2552 1137 2610 ὑπὸ
1158 2556 1422 2627 μηδενός,
1464 2555 1602 2613 ὥστε
1622 2552 1744 2612 ἄλλ’

8 2660 10 2668 ⁴
73 2632 204 2689 ἄττα
222 2634 485 2705 πράττειν
503 2632 538 2706 ἦ
559 2631 592 2689 ἃ
613 2632 728 2705 dim}
749 2636 1010 2707 ἐπιστήμη
1023 2636 1237 2709 κελεύῃ,
1258 2635 1374 2694 ἀλλ’
1396 2637 1596 2710 ἱκανὴν
1609 2638 1749 2694 εἶναι

74 2715 176 2782 τήν
213 2715 490 2786 φρόνησιν
516 2724 752 2789 βοηθεῖν
780 2723 858 2788 τῷ
898 2715 1211 2790 ἆνθρσόπῳ;
1260 2723 1369 2775 Καὶ
1408 2724 1583 2790 δοκεῖ,
1623 2724 1747 2792 ἔφη,

77 2794 258 2865 ὥσπερ
278 2800 348 2853 σὺ
370 2800 567 2867 λέγεις,
598 2792 642 2853 ὦ
663 2799 981 2870 Σώκρατες,
1014 2801 1105 2856 καὶ
1134 2798 1274 2872 ἅμα,
1307 2810 1458 2872 εἴπερ
1481 2823 1556 2876 τῳ
1579 2801 1749 2875 ἄλλῳ,

1775 846 1862 892 352

1777 2246 1807 2288 0
