1962 3112
261 0 266 9 ,
295 0 361 19 .-ἑ
380 0 613 18 -v·-.2v·ae⁴;
635 0 640 3 -
664 0 753 25 ⁸4⁶⁴
773 0 812 15 *5
870 11 875 14 ,
896 0 1007 21 rats-³-
1093 0 1150 15 *2²
1200 12 1205 17 .

114 119 199 166 133
767 113 1095 163 ΜΕΝΩΝ.
1684 112 1787 165 331

251 251 374 304 ΣΩ.
409 251 743 316 Πανοῦργος
771 243 843 314 εἷ,
881 239 927 302 ὦ
954 248 1193 318 Μένων,
1236 247 1328 302 καὶ
1362 245 1557 317 ὀλίγου
1586 249 1788 319 ἐξηπα-

110 331 276 403 τησοὶς
294 351 376 401 με.

248 416 435 466 ΜΕΝ.
475 414 546 464 Τί
558 408 820 480 μάλιστα,
846 403 891 464 ὦ
910 410 1230 479 Σωκρατες;

250 498 375 550 ΣΩ.
408 493 714 563 Γιγνσόσκω
737 486 808 547 οὗ
827 492 992 547 ἕνεκά
1010 516 1077 564 με
1097 502 1332 559 εἴκασας.
1814 504 1845 546 G

250 581 435 631 MEN.
478 579 639 639 Τίνος
657 572 725 645 δὴ
746 580 877 639 οἶει;

246 662 370 713 ΣΩ.
414 655 531 711 Ἵνα
547 672 608 710 σε
627 653 947 710 ἆντεικάσω.
971 656 1076 726 ἐγώ
1098 658 1156 713 δὲ
1176 664 1340 714 τοῦτο
1354 655 1477 714 οῖδα
1495 659 1618 727 περὶ
1636 659 1784 712 πάν-

104 762 217 797 των
237 746 350 795 τῶν
371 745 575 806 καλῶν,
591 737 676 793 ὅτι
694 743 982 808 χαίρουσιν
1001 740 1352 811 εἰκαζόμενοι.
1391 748 1665 797 λυσιτελεῖ
1674 738 1780 811 γὰρ

13 864 18 869 -
105 820 316 888 αὐτοῖς·
355 823 516 877 καλαὶ
536 821 662 892 γάρ,
685 819 852 892 οἶμαι,
872 827 985 876 τῶν
1005 829 1193 877 καλῶν
1213 825 1302 877 καὶ
1323 826 1384 878 αἱ
1399 823 1623 888 εἰκόνες.
1663 819 1776 878 ἀλλ’

106 903 209 961 οὐκ
230 902 626 974 ἆντεικάσομαί
634 921 710 958 σε.
773 902 880 973 ἐγω
900 906 986 971 δέ,
1024 908 1075 958 εἰ
1099 901 1251 974 μὲνὴ
1274 903 1451 975 νάρκη
1481 902 1619 975 αὐτὴ
1642 926 1782 975 ναρ-

104 992 259 1042 κῶσα
275 983 422 1039 οὕτω
442 986 533 1039 καὶ
552 985 686 1049 τούς
705 984 908 1049 ἄλλους
929 996 1080 1040 ποιεῖ
1093 992 1334 1057 ναρκᾷν,
1357 988 1507 1040 ἔοικα
1526 987 1668 1059 αὐτῇ
1682 1008 1693 1018 ·
1734 991 1785 1042 εἰ

104 1068 163 1125 δὲ
181 1068 285 1140 μή,
309 1067 395 1123 οὔ.
433 1065 501 1122 οὐ
521 1066 627 1138 γὰρ
647 1065 905 1136 εὐπορῶν
924 1065 1090 1131 αὐτὸς
1105 1067 1236 1131 τούς
1255 1065 1458 1132 ἄλλους
1476 1073 1617 1122 ποιῶ
1637 1066 1780 1123 ἀπο-

105 1162 250 1220 ρεῖν,
282 1147 421 1205 ἀλλὰ
452 1148 659 1214 παντὸς
679 1155 893 1220 μᾶλλον
911 1147 1079 1212 αὐτὸς
1107 1145 1338 1216 ἀπορῶν
1358 1146 1505 1203 οὕτω
1526 1151 1618 1203 καὶ
1648 1147 1779 1214 τοὺς

100 1234 302 1296 ἄλλους
324 1238 464 1286 ποιῶ
482 1229 724 1299 ἀπορεῖν.
785 1231 875 1285 καὶ
895 1235 1003 1284 νῦν
1021 1230 1144 1300 περὶ
1164 1228 1386 1301 ἀρετῆς,
1419 1226 1450 1285 ὃ
1472 1233 1644 1299 ἔστιν,
1666 1229 1772 1300 ἐγώ
1807 1249 1841 1289 1)

99 1317 202 1387 μὲν
221 1313 325 1371 οὐκ
346 1314 468 1371 οἶδα
481 1356 496 1384 ,
529 1311 600 1368 σύ
624 1314 811 1383 μέντοι
843 1320 973 1376 ἴσως
992 1311 1263 1381 πρότερον
1282 1311 1383 1382 μὲν
1402 1310 1626 1385 ᾔδησθα
1646 1313 1777 1380 πρὶν

101 1400 238 1469 ἐμοῦ
257 1395 538 1466 ἅψασθαι,
571 1401 682 1450 νῦν
699 1396 887 1465 μέντοι
907 1392 1098 1464 ὅμοιος
1119 1392 1170 1448 εἷ
1183 1391 1287 1449 οὐκ
1309 1394 1490 1450 εἰδότι.
1549 1392 1697 1464 ὅμως
1717 1393 1776 1450 δὲ

99 1482 276 1537 ἐθέλω
294 1477 428 1550 μετὰ
450 1485 555 1534 σοῦ
574 1480 888 1544 σκέψασθαι
907 1479 997 1533 καὶ
1018 1482 1313 1548 συζητῆσαι
1332 1476 1366 1534 ὅ
1383 1484 1437 1533 τί
1460 1498 1589 1533 ποτε
1610 1483 1772 1533 ἔστιν.

238 1569 370 1619 xlv.
444 1567 629 1617 ΜΕΝ.
670 1563 779 1617 Καὶ
798 1566 921 1616 τίνα
944 1561 1154 1629 τρόπον
1175 1560 1448 1631 ζητήσεις,
1471 1554 1516 1614 ὦ
1537 1559 1776 1629 Σωκρα-

102 1665 211 1715 τες,
247 1650 410 1699 τοῦτο
425 1686 439 1711 ,
477 1640 507 1697 ὃ
539 1640 612 1714 μὴ
634 1641 801 1698 οἶσθα
823 1641 884 1697 τὸ
906 1642 1170 1711 παράπαν
1190 1640 1223 1697 ὅ
1240 1663 1291 1696 τι
1311 1647 1448 1706 ἔστι;
1482 1653 1644 1697 ποῖον
1664 1642 1772 1714 γὰρ

98 1720 180 1783 ὦν
208 1724 311 1780 οὐκ
342 1723 509 1780 οἶσθα
540 1728 887 1795 προθέμενος
917 1723 1188 1795 ζητήσειςς
1237 1719 1274 1795 ἦ
1305 1729 1355 1779 εἰ
1379 1724 1470 1780 καὶ
1506 1723 1540 1779 ὅ
1579 1746 1630 1778 τι
1665 1724 1775 1795 μοὶ-

0 1817 5 1861 ῗ
94 1817 250 1865 λιστα
267 1807 515 1878 ἐντύχοις
536 1806 686 1882 αὐτῷ
700 1851 714 1879 ,
737 1815 852 1873 πῶς
874 1815 1006 1863 εἴσει
1025 1806 1111 1863 ὅτι
1138 1807 1305 1863 τοῦτό
1325 1810 1492 1877 ἐστιν,
1514 1805 1545 1863 ὃ
1573 1807 1644 1863 σύ
1666 1806 1772 1863 οὐκ

0 1883 5 1906 ’
92 1889 339 1964 ἤδησθα;

233 1978 356 2028 ΣΩ.
392 1973 692 2028 Μανθάνω
714 1969 834 2028 οἷον
852 1972 1042 2044 βούλει
1064 1977 1270 2043 λέγειν,
1295 1966 1339 2028 ὦ
1361 1974 1586 2028 Μένων.
1631 1970 1766 2046 ὁρᾷς
1796 1985 1828 2027 Ε

0 2072 4 2138 '3
93 2061 293 2111 τοῦτον
314 2053 387 2120 ὥς
406 2053 684 2125 ἐριστικὸν
703 2056 874 2126 λόγον
893 2056 1173 2125 κατάγεις,
1209 2054 1280 2118 ὥς
1300 2051 1403 2109 οὐκ
1422 2053 1529 2123 ἄρα
1549 2058 1661 2109 ἔστι
1678 2059 1771 2126 ζη-

0 2143 3 2157 “
93 2151 206 2195 τεῒν
226 2137 511 2213 ἀνθρώπω
530 2138 657 2195 οὔτε
677 2138 709 2195 ὃ
736 2138 886 2195 οἶδεν
914 2138 1041 2194 οὔτε
1061 2136 1091 2194 ὃ
1111 2137 1184 2209 μὴ
1205 2136 1384 2205 οἷδεν;
1423 2137 1551 2193 οὔτε
1569 2136 1677 2209 γὰρ
1698 2137 1770 2193 ἅν

0 2214 1 2242 ³
90 2242 153 2292 γε
185 2216 214 2276 ὃ
244 2219 357 2276 οἶδε
385 2225 554 2291 ζητοῖ·
595 2220 709 2277 οἶδε
738 2221 875 2292 γάρ,
915 2223 1005 2278 καὶ
1040 2219 1210 2278 οὐδὲν
1231 2225 1318 2276 δεῖ
1341 2226 1416 2295 τῷ
1446 2243 1507 2291 γε
1534 2220 1766 2295 τοιούτῳ

89 2302 383 2376 ζητήσεως·
416 2301 542 2358 οὔτε
575 2301 607 2358 ὃ
628 2301 702 2374 μὴ
733 2303 907 2359 οἶδεν·
947 2301 1079 2358 οὐδὲ
1110 2301 1216 2374 γὰρ
1238 2300 1389 2358 οἶδεν
1408 2301 1442 2357 ὅ
1461 2324 1511 2357 τι
1532 2303 1763 2374 ζητήσει.

0 2375 6 2389 ‘
232 2391 415 2441 ΜΕΝ.
477 2383 703 2440 Οὐκοῦν
739 2393 918 2450 καλῶς
953 2403 1039 2440 σοι
1070 2388 1225 2439 δοκεῖ
1247 2385 1507 2455 λέγεσθαι
1535 2381 1565 2440 ὁ
1603 2383 1763 2454 λόγος
1788 2386 1844 2432 81

88 2459 278 2536 οὗτος,
304 2459 347 2521 ὦ
369 2467 684 2535 Σώκρατεςς

228 2552 349 2603 ΣΩ.
391 2547 508 2602 Οὐκ
531 2552 726 2617 ἔμοιγε.

228 2633 414 2683 ΜΕΝ.
455 2628 628 2699 Ἔχεις
649 2631 827 2699 λέγειν
847 2628 986 2702 (ἵστης

228 2715 351 2765 ΣΩ.
399 2709 633 2782 Ἔγωγε·
670 2710 883 2782 ἀκήκοα
902 2711 1009 2783 γὰρ
1040 2710 1265 2783 ἀνδρῶν
1284 2735 1340 2770 τε
1359 2715 1450 2771 καὶ
1474 2719 1759 2783 γυναικῶν

86 2797 281 2862 σοφοῖν
302 2796 423 2862 περὶ
444 2794 508 2848 τὰ
530 2802 657 2849 θεῖα
677 2796 971 2866 πράγματα
995 2828 1064 2838 --
