1962 3112
77 186 138 233 49
528 182 843 232 ΙΠΠῙΑΣ
871 181 1037 230 ΕΛΛ
1053 179 1286 230 TTszN.
1645 177 1748 232 411

221 320 323 371 ῙΠ.
345 312 356 321 ’
384 312 684 386 Οὐδαμῶς,
724 312 768 369 ὦ
806 314 1126 385 Σώκρατες·
1164 317 1338 385 λέγεις
1375 315 1435 369 δὲ
1472 313 1539 385 δὴ
1579 317 1637 368 τί
1665 312 1757 368 καὶ
1782 310 1861 356 37¹

80 416 221 464 προς
237 401 296 451 τί
301 418 318 462 3

221 484 346 535 ΣΩ.
386 478 505 535 ’Ότι
524 475 628 533 οὐκ
647 479 703 544 ἐξ
733 480 1028 548 ἐπιβουλῆς
1048 475 1158 551 φῂς
1176 476 1275 533 τὸν
1289 476 1535 549 Ἀχιλλέα
1553 474 1759 544 ψεύδε-

76 569 241 631 σθαι,
279 558 340 626 ὃς
369 555 443 632 ἦν
469 559 616 616 οὕτω
643 559 778 631 γόης
794 561 887 615 καὶ
902 562 1192 632 ἐπίβουλος
1211 558 1350 630 πρὸς
1364 567 1432 634 τῇ
1450 557 1756 633 α’λαζονείᾳ,

78 641 155 708 ὥς
172 649 471 714 πεποίηκεν
482 641 750 712 ”Ομηρος,
782 640 921 696 ὥστε
941 644 1032 698 καὶ
1049 649 1152 698 τοῦ
1168 641 1470 708 Ὀδυσσέως
1488 649 1760 699 τοσοῦτον

82 730 336 795 φαίνεται
356 736 588 795 φρονεῖν
608 728 779 780 πλέον
797 722 936 792 πρὸς
953 721 1013 779 τὸ
1034 726 1238 798 ῥᾳδίως
1256 726 1564 782 λανθάνειν
1583 723 1758 781 αὐτὸν

78 806 566 879 ἀλαζονευόμενος,
589 805 729 864 ὥστε
746 810 1003 863 ἐναντίον
1020 804 1198 862 αὐτοῦ
1216 804 1384 872 αὐτὸς
1403 809 1584 882 ἑαυτῷ
1600 808 1758 864 ε’τόλ-

77 913 155 962 μα
173 893 394 946 ἐναντία
415 892 595 960 λέγειν
612 891 703 946 καὶ
718 889 992 945 ἐλάνθανε
1008 887 1108 944 τὸν
1122 886 1386 945 Ὀδυσσέα
1401 911 1411 922 ·
1433 887 1600 945 οὐδὲν
1614 894 1758 959 γοῦν

79 977 334 1042 φαίνεται
353 971 525 1028 εἰπών
544 970 683 1044 πρὸς
703 970 877 1028 αὐτὸν
897 969 969 1037 ὥς
987 971 1401 1043 αἰσθανόμενος
1419 969 1594 1027 αὐτοῦ
1615 982 1756 1038 ψευ-
1787 974 1821 1015 Β

78 1058 318 1126 δομένου
335 1053 364 1111 ὁ
388 1054 696 1120 Ὀδυσσεύς.

219 1143 320 1194 ΙΠ.
375 1144 518 1194 Ποῖα
539 1136 606 1209 δὴ
626 1144 799 1194 ταῦτα
815 1141 1016 1208 λέγεις,
1044 1133 1090 1194 ὦ
1108 1138 1430 1207 Σώκρατες;

218 1224 342 1276 ΣΩ.
404 1218 526 1276 Οὐκ
551 1218 719 1276 οἶσθα
747 1220 832 1277 ὅτι
859 1224 1037 1291 λέγων
1056 1220 1320 1292 ὕστερον,
1350 1217 1387 1291 ἢ
1410 1217 1482 1284 ὥς
1500 1216 1639 1289 πρὸς
1657 1217 1758 1275 τὸν

75 1300 336 1359 Ὀδυσσέα
380 1307 486 1375 ἔφη
530 1300 643 1374 ἅμα
682 1310 752 1376 τῇ
794 1301 890 1375 ήοῖ
926 1302 1426 1375 ἀποπλευσεῖσθαι,
1475 1299 1614 1373 πρὸς
1657 1299 1758 1357 τὸν

79 1394 291 1442 Αἴαντα
310 1382 415 1441 οὐκ
434 1379 510 1440 αὖ
530 1387 701 1457 φησὶν
719 1385 1223 1459 ἀποπλευσεῖσθαι,
1255 1384 1395 1443 ἄλλα
1416 1385 1556 1443 ἄλλα
1583 1387 1758 1458 λέγεις

216 1476 316 1525 111.
372 1474 500 1526 Ποῦ
520 1469 619 1540 ᾱή;

219 1558 343 1609 ΣΩ.
391 1550 479 1608 Ἐν
499 1549 579 1617 οἷς
598 1555 743 1622 λέγει

179 1633 249 1690 οὐ
270 1633 377 1705 γάρ
396 1637 528 1702 πρὶν
546 1636 804 1706 πολέμοιο
825 1635 1131 1707 μεδήσομαι
1152 1634 1533 1705 αἱματόεντος,

182 1723 315 1788 πρίν
330 1715 387 1788 y’
407 1717 536 1774 υίὸν
555 1718 828 1789 Πριάμοιο
848 1722 1153 1788 δαΐφρονος
1168 1714 1426 1787 ,Ἕκτορα
1446 1719 1594 1787 δῖον,
1782 1726 1813 1767 C

182 1800 574 1870 Μυρμιδόνων
593 1802 686 1855 ἐπί
698 1822 756 1855 τε
775 1805 987 1866 κλισίας
1009 1801 1099 1855 καὶ
1118 1805 1255 1870 νῆας
1271 1801 1490 1855 ἱκέσθαι

182 1880 455 1937 κτείνοντ’
482 1880 784 1953 Ἀργείους,
805 1885 947 1939 κατά
965 1905 1024 1939 τε
1043 1889 1244 1954 σμῦξαι
1265 1885 1399 1953 πυρὶ
1419 1888 1581 1954 νῆας·

183 1962 327 2035 ἀμφὶ
346 1965 412 2021 δέ
424 1986 520 2035 μιν
537 1970 603 2037 τῇ
634 1962 728 2039 ’μῇ
746 1972 928 2039 κλισίῃ
946 1969 1037 2023 καὶ
1058 1970 1153 2037 νηῒ
1165 1972 1395 2038 μελαίνῃ

168 2045 405 2116 “Europa
424 2048 516 2103 καὶ
538 2055 796 2119 μεμαῶτα
814 2048 990 2121 μάχης
1007 2048 1310 2121 σχήσεσθαι
1330 2045 1445 2103 όῑω.

11 2149 13 2158 ¹
78 2129 151 2185 σύ
171 2127 236 2200 δὴ
262 2122 384 2198 οὖν,
410 2122 662 2199 ὦἹππία,
684 2130 921 2201 πότερον
937 2130 1117 2198 οὕτως
1135 2130 1475 2202 ἐπιλήσμονα
1494 2137 1597 2186 οἴει
1615 2127 1756 2186 εἶναι

76 2213 177 2268 τὸν
210 2218 306 2282 τῆς
338 2211 564 2277 Θέτιδός
597 2234 656 2267 τε
689 2215 781 2269 καὶ
819 2212 928 2270 ὑπὸ
966 2220 1069 2269 τοῦ
1108 2213 1437 2284 σοφωτάτου
1474 2217 1754 2283 Χείρωνος
1783 2231 1817 2272 D

77 2297 549 2366 πεπαιδευμένον,
582 2294 721 2352 ὥστε
740 2294 932 2367 ὀλίγον
948 2297 1221 2366 πρότερον
1239 2299 1604 2365 λοιδοροῦντα
1622 2295 1755 2359 τοὺς

81 2374 349 2443 ἀλαζόνας
366 2383 433 2451 τῇ
453 2377 651 2451 ἐσχάτῃ
670 2382 920 2452 λοιδορία
950 2378 1125 2436 αὐτὸν
1143 2385 1474 2451 παραχρῆμα
1494 2376 1633 2448 πρὸς
1650 2377 1754 2449 μὲν

77 2458 177 2515 τόν
192 2456 459 2515 Ὀδυσσέα
479 2460 655 2530 φάναι
673 2460 1165 2533 ἀποπλευσεῖσθαι,
1187 2461 1323 2532 πρὸς
1342 2461 1400 2518 δὲ
1420 2458 1521 2517 τὸν
1539 2467 1756 2516 Αἴαντα

75 2553 292 2613 μενεῖν,
329 2540 452 2597 ἀλλ’
482 2540 586 2598 οὐκ
616 2541 1048 2615 ἐπιβουλεύοντά
1081 2566 1139 2600 τε
1174 2546 1265 2600 καὶ
1300 2541 1616 2615 ἡγούμενον
1652 2540 1756 2612 020-

77 2636 238 2695 χαῖον
255 2622 397 2680 εἶναι
424 2623 524 2680 τὸν
551 2623 816 2682 Ὀδυσσέα
847 2627 939 2682 καὶ
972 2625 1143 2682 αὐτοῦ
1174 2624 1524 2701 αὐτοῦτούτῳ
1552 2632 1631 2699 τῷ
1665 2646 1758 2680 τε·-

76 2705 294 2776 χνάζειν
311 2729 369 2763 τε
390 2708 481 2763 καὶ
501 2708 810 2774 ψεύδεσθαι
829 2711 1206 2779 περιέσεσθαις

216 2794 350 2848 XIV.
419 2797 518 2847 111.
572 2789 799 2847 Οὔκουν
817 2796 999 2863 ἕμονγε
1019 2796 1187 2864 δοκεῖ,
1210 2786 1254 2848 ὦ
1274 2792 1597 2862 Σώκρατες·
1617 2787 1755 2846 ἀλλὰ

75 2876 166 2929 καὶ
207 2870 348 2927 αὐτὰ
395 2880 570 2929 ταῦτα
614 2872 723 2929 ὑπὸ
767 2872 1026 2945 εὐηθείας
1072 2873 1430 2938 ἀναπεισθεὶς
1476 2870 1615 2941 πρὸς
1653 2870 1751 2928 τὸν
1781 2878 1815 2919 Ε
