1962 3112
169 67 272 119 376
776 69 950 117 HAA
968 67 1252 118 ΤΩΝοΣ
1292 75 1300 79 ·
1510 36 1515 39 ’
1787 26 1840 122 14
1916 69 1919 75 ⁴

56 212 144 259 290
170 201 412 272 γόμενον
441 198 654 272 ἀνάγκη
686 198 836 274 αὐτῷ
868 199 1263 274 ἀποδέχεσθαι,
1295 198 1331 274 ἦ
1359 199 1432 275 μὴ
1455 201 1837 277 ἀποδεχομένῳ

171 283 554 357 καταγελάστῳ
576 283 729 340 εἶναι.

313 372 416 422 XII.
494 372 618 422 Σῼ.
663 368 774 424 Καὶ
802 367 901 439 μὲν
922 365 987 438 δὴ
1009 367 1218 439 ταύτην
1237 389 1298 438 γε
1318 363 1421 439 τὴν
1441 366 1762 440 ἀπόκρισιν,
1795 359 1838 423 ῶ

173 448 357 518 ἄριστε
370 490 385 519 ,
418 446 487 503 οὐ
508 449 687 519 μόνον
706 448 809 505 οὐκ
829 449 1147 516 ἀποδέξεται
1160 492 1176 520 ,
1208 447 1347 506 ἀλλὰ
1374 451 1466 506 καὶ
1484 449 1631 506 πάνυ
1649 473 1714 522 με
1731 471 1839 505 τω-

173 531 433 603 θάσεται,
455 533 546 588 καὶ
565 534 700 601 ἐρεῖ·
739 526 785 587 ῶ
803 535 1153 603 τετυφωμένε
1173 532 1270 600 σύ,
1303 536 1529 588 Φειδίαν
1549 540 1650 587 οἴει
1667 529 1839 588 κακὸν

173 613 313 671 εἶναι
327 616 695 687 δημιουργόν;
717 617 808 672 καὶ
827 615 950 686 ἐγώ,
966 614 1130 686 οἶμαι,
1144 616 1252 683 ἐρῶ
1272 613 1355 670 ὅτι
1374 612 1501 670 οὐδ’
1515 612 1840 671 ὁπωστιοῦν.

313 704 412 754 ΙΠ.
449 699 558 754 Καὶ
578 695 766 769 ὀρθῶς
783 696 830 768 γ’
851 700 1005 767 ἐρεῖς,
1030 691 1074 752 ῶ
1094 696 1403 769 Σώκρατες.

314 786 439 836 ΣΩ.
475 779 685 851 Ὀρθῶς
703 781 902 851 μέντοι.
955 779 1230 850 τοιγάρτοι
1250 782 1473 849 ἐκεῖνος,
1494 778 1716 835 ἐπειδὰν
1736 776 1842 850 ἐγὼ

174 859 430 933 ὁμολογῶ
460 860 684 933 άγαθόν
714 860 855 918 εἶναι
893 860 1233 933 δημιουργὸν
1274 860 1374 917 τὸν
1414 865 1668 931 Φειδίαν,
1713 861 1842 932 εἶτα,

116 953 150 996 Β
180 945 372 1015 φήσει,
395 952 522 1014 οἴει,
553 949 716 999 τοῦτο
737 941 798 998 τὸ
818 941 991 999 καλὸν
1012 942 1043 999 ὃ
1063 943 1133 999 σύ
1156 947 1354 1015 λε’γεις,
1388 943 1575 1016 ἠγνόει
1595 947 1846 1010 Φειδίαςῇ

174 1028 264 1082 καὶ
284 1025 417 1096 ἐγω’·
455 1049 507 1081 τι
498 1025 782 1096 ’μάλιστας
822 1026 998 1097 φήσω.
1059 1025 1142 1081 ότι
1155 1028 1328 1097 ,ἐρεϊ,
1351 1032 1447 1096 τῆς
1461 1023 1697 1096 Ἀθηνᾶς
1716 1046 1846 1089 τους

174 1106 507 1179 ὀφθαλμοὺς
527 1107 596 1163 οὐ
615 1116 856 1179 χρυσοῦς
875 1111 1146 1180 ἐποίησεν,
1162 1106 1292 1164 οὐδε
1311 1107 1370 1163 τὸ
1393 1107 1524 1164 ἄλλο
1547 1108 1847 1176 πρόσωπον

178 1188 310 1245 οὐδὲ
334 1188 464 1256 τοὺς
483 1191 656 1256 πόδας
674 1189 805 1246 οὐδε
825 1214 919 1255 τας
939 1203 1146 1262 χεῖρας,
1171 1198 1322 1258 εἴπερ
1341 1197 1588 1261 χρυσοῦν
1608 1211 1669 1260 γε
1690 1184 1801 1260 δὴ
1779 1187 1845 1244 ο“ν

175 1272 472 1329 κάλλιστον
503 1278 691 1344 ἔμελλε
723 1279 1050 1344 φαίνεσθαι,
1087 1271 1201 1328 ἀλλ’
1234 1273 1616 1340 ἐλεφάντινον·
1677 1274 1847 1342 δῆλον

176 1354 262 1412 ὅτι
288 1363 451 1412 τοῦτο
485 1354 594 1413 ὑπὸ
626 1356 868 1428 άμαθίας
905 1357 1229 1428 ἐξήμαρτεν,
1270 1353 1495 1426 ἀγνοῶν
1530 1353 1613 1410 ὅτι
1643 1353 1843 1425 χρυσὸς

176 1435 257 1509 ἄρ’
291 1441 439 1494 ἐστὶν
478 1436 506 1493 ὁ
547 1438 730 1494 πάντα
761 1438 902 1495 καλοὶ
933 1446 1135 1508 ποιῶν,
1176 1439 1318 1494 ὅπου
1355 1434 1427 1493 ἂν
1464 1439 1844 1508 προσγένηται.

176 1517 325 1575 ταῦτ’
347 1513 451 1575 οὖν
468 1523 685 1591 λε’γοντι
703 1527 759 1577 τί
773 1520 1233 1592 ἀποκρινώμεθα,
1257 1514 1300 1575 ῶ
1311 1518 1519 1586 Ἱππίας
1936 1573 1944 1587 ,ἱ

121 1604 153 1648 G
305 1607 418 1658 111.
459 1600 642 1658 Οὐδὲν
656 1603 922 1674 χαλεπόν·
963 1605 1200 1674 ἐροῦμεν
1227 1601 1333 1674 γάρ
1354 1601 1439 1658 ὅτι
1457 1600 1644 1673 ὀρθῶς
1665 1604 1851 1672 ἐποίη-
1941 1561 1957 1709 Ξ

180 1702 256 1740 σε.
296 1684 513 1755 καὶγὰρ
534 1683 594 1740 τὸ
619 1687 1009 1755 ἐλεφάντινον,
1033 1685 1208 1756 οἶμαι,
1230 1685 1405 1740 καλόν
1423 1688 1585 1741 ἐστιν.

321 1773 445 1822 ΣΩ.
488 1767 623 1823 ’Τοῦ
653 1762 758 1823 οὖν
788 1770 975 1838 ἕνεκα,
1016 1769 1207 1840 φήσει,
1249 1766 1317 1822 οὐ
1347 1769 1439 1823 καὶ
1474 1768 1539 1822 τὰ
1571 1770 1708 1838 με’σα
1740 1772 1850 1823 τῶν

181 1846 497 1921 ὀφθαλμῶν
515 1851 842 1920 ἐλεφάντινα
863 1850 1151 1921 εἰργάσατο
1165 1893 1179 1916 ,
1220 1848 1357 1905 ἄλλα
1378 1855 1597 1920 λίθινα,
1638 1848 1709 1914 ῶς
1729 1845 1847 1905 οἷόν

179 1930 220 1986 τ’
239 1926 312 2003 ἦν
342 1930 637 2004 ὁμοιότητα
668 1940 770 1988 τοῦ
799 1938 967 1988 λίθου
995 1940 1073 2005 τῶ
1105 1934 1361 2004 ἐλέφαντι
1389 1931 1656 2002 ἐξευρῶν;
1693 1928 1730 2002 ἢ
1758 1933 1846 1988 καὶ
1956 2000 1962 2007 ⁴

180 2011 208 2068 ὁ
231 2019 394 2078 λίθος
415 2011 443 2070 ὁ
469 2012 637 2079 καλὸς
657 2015 830 2071 καλόν
849 2019 987 2082 ἐστι;
1028 2016 1300 2087 φήσομεν,
1325 2017 1366 2069 ῶ
1389 2011 1593 2080 Ἱππίας
1947 2019 1962 2116 ἑ

321 2103 419 2152 ΙΠ.
461 2097 719 2168 Φήσομέν
736 2121 846 2168 τοι,
868 2097 1004 2154 ὅταν
1027 2120 1088 2168 γε
1109 2099 1336 2166 πρέπων
1355 2089 1405 2169 ἦ.

320 2185 445 2236 ΣΩ,
492 2179 660 2236 Ὅταν
680 2181 737 2236 δε
761 2180 833 2252 μὴ
857 2183 1108 2252 πρέπων,
1130 2179 1385 2250 αἰσχρόν,
1424 2175 1676 2249 ὁμολογῶ
1693 2174 1729 2248 ἢ
1748 2178 1850 2250 μή,
1952 2227 1962 2261 ,ἃ

323 2269 425 2318 ῙΠ.
475 2261 783 2335 Ὁμολόγει,
806 2262 941 2318 ὅταν
959 2286 1020 2334 γε
1041 2262 1112 2334 μὴ
1136 2266 1330 2334 πρέπῃ.
1955 2271 1962 2317 l

117 2355 152 2399 D
323 2350 449 2400 ΣΩ.
495 2351 564 2401 Τί
582 2346 638 2402 δὲ
659 2346 754 2417 δή;
795 2343 823 2402 ὁ
849 2348 1044 2414 ἐλέφας
1064 2346 1154 2400 καὶ
1174 2344 1201 2400 ὁ
1222 2342 1452 2415 χρυσός,
1475 2342 1667 2413 φήσει,
1691 2335 1735 2396 ῶ
1754 2358 1844 2396 σο-
1946 2347 1951 2355 ²

183 2426 252 2495 φὲ
272 2427 343 2482 σύ
358 2470 373 2499 ,
397 2426 497 2497 οὐχ
518 2427 653 2483 ὅταν
675 2432 775 2499 μὲν
795 2430 974 2501 πρέπῃ
989 2471 1002 2493 ,
1025 2425 1164 2482 καλά
1189 2437 1336 2481 ποιεῖ
1352 2430 1678 2495 φαίνεσθαι,
1716 2421 1852 2478 ὅταν

183 2507 241 2563 δὲ
270 2509 373 2580 μή,
414 2509 636 2580 αἰσχράς
683 2513 900 2581 ἔξαρνοι
930 2508 1172 2579 ἐσόμεθα
1202 2504 1238 2579 ἦ
1267 2506 1679 2578 ὁμολογήσομεν
1702 2503 1849 2577 αὐτῶ

183 2586 372 2660 ὀρθῶς
393 2591 574 2659 λέγειν
594 2591 795 2657 αὐτόνς
1350 2638 1352 2641 ,

322 2675 424 2725 ΙΠ.
473 2668 916 2744 Ὁμολογήσομεν
939 2674 1106 2729 τοῦτό
1123 2695 1212 2745 γε,
1253 2672 1337 2728 ὅτι
1357 2669 1388 2728 ὃ
1415 2668 1486 2725 ἄν
1510 2670 1690 2741 πρέπῃ
1722 2668 1852 2725 ἑκά·-

182 2772 291 2827 ongo
307 2794 322 2822 ‚
343 2760 504 2808 τοῦτο
529 2752 704 2808 καλὸν
726 2766 873 2810 ποιεῖ
885 2756 1133 2811 ἕκαστον.
