1994 3100
608 405 1191 481 ΧΑΡΜῙΔΗΣ

322 532 389 616 [ἢ
424 539 551 613 περὶ
588 538 1005 612 σωφροσύνης·
1050 533 1463 615 πειραστικός]

379 747 474 796 ΤΑ
500 747 639 795 ΤΟΤ
650 746 1034 795 ΔΙΑΛΟΓΟΥ
1060 747 1408 796 ΠΡΟΣΩΠΑ

232 847 703 916 ΣΩΚΡΑΤΗΣ,
734 846 1179 918 ΧΑΙΡΕΦΩΝ,
1224 849 1576 920 ΚΡΙΤΙΑΣ,

676 944 1113 1000 ΧΑΡΜΙΔΗΣ.

1741 1086 1851 1128 San„

195 1206 231 1256 1.
296 1184 492 1258 'Hnov
521 1204 623 1273 μὲν
659 1209 726 1275 τῇ
762 1207 1060 1275 προτεραίᾳ
1099 1202 1331 1274 ἑσπέρας
1365 1203 1424 1257 ἐκ
1442 1205 1739 1266 Ποτιδαίας
1758 1158 1844 1254 1Ιέιὸ

28 1305 36 1336 ι
52 1280 164 1339 ἀπὸ
184 1289 285 1339 τοῦ
306 1287 698 1355 στρατοπέδου,
719 1279 841 1340 οἷον
859 1284 917 1340 δὲ
930 1282 1019 1339 διὰ
1029 1283 1240 1355 χρόνου
1255 1279 1559 1356 ἀφιγμένος
1574 1282 1743 1355 ἀσμέ-

14 1381 168 1443 ’νως
186 1358 260 1437 ᾖα
287 1366 374 1421 ἐπὶ
392 1366 490 1432 τὰς
516 1367 778 1439 ξυνήθεις
807 1365 1104 1439 διατριβάς.
1162 1368 1254 1423 καὶ
1293 1364 1359 1438 δὴ
1401 1368 1492 1423 καὶ
1530 1371 1606 1432 είς
1641 1364 1744 1438 τὴν

13 1455 33 1552 ¹¹
57 1449 315 1517 Ταυρέου
350 1454 692 1520 παλαίστραν
723 1448 828 1521 τὴν
856 1447 1192 1519 καταντικρὺ
1211 1455 1313 1505 τοῦ
1331 1454 1428 1521 τῆς
1453 1455 1749 1522 βασιλικῆς,-

15 1557 17 1600 ;
53 1531 212 1598 ἱεροῦ
251 1534 545 1603 εἰσῆλθον,
584 1534 676 1589 καὶ
714 1530 919 1588 αὐτόθι
955 1533 1261 1603 κατέλαβον
1293 1532 1447 1588 πάνυ
1482 1532 1741 1604 πολλούς,

53 1610 189 1678 τούς
206 1613 309 1684 μὲν
327 1615 418 1670 καὶ
435 1612 687 1684 ἀγνῶτας
706 1617 852 1686 ε’μοί,
872 1612 1003 1679 τοὺς
1023 1613 1081 1670 δὲ
1100 1618 1390 1680 πλείστους
1408 1620 1738 1687 γνωρίμους.

29 1726 34 1746 ·
56 1701 155 1752 καί
166 1716 232 1766 με
253 1693 325 1761 ὠς
341 1694 492 1751 εἶδον
513 1698 755 1754 εἰσιόντα
774 1699 827 1763 ἐξ
847 1694 1290 1768 ἀπροσδοκήτου,
1316 1694 1492 1763 εὐθὺς
1513 1697 1740 1768 πόρρω·
1795 1713 1827 1753 Β

3 1773 31 1823 ²3
56 1783 164 1834 θεν
182 1776 489 1850 η’σπάζοντο
510 1778 676 1845 ἄλλος
694 1778 941 1836 ἄλλοθεν
954 1799 965 1811 ·
996 1785 1296 1850 Χαιρεφῶν
1317 1779 1393 1850 δέ,
1408 1777 1503 1835 ἅτε
1522 1781 1614 1835 καὶ
1632 1802 1741 1850 μα-

55 1859 210 1925 macac,-
239 1858 348 1932 ῶν,
388 1859 749 1934 ἀναπηδήσας
776 1863 837 1917 ἐκ
862 1862 1050 1932 μέσων
1077 1866 1198 1918 ἔθει
1227 1860 1369 1933 πρός
1388 1883 1480 1933 με,
1516 1868 1615 1918 καί
1629 1883 1741 1935 μου

0 1935 32 1957 ”
56 1943 364 2015 λαβόμενος
382 1950 477 2015 τῆς
492 1944 674 2015 χειρός
687 1987 702 2015 ,
717 1937 782 1999 Ὠ
802 1944 1125 2016 Σώκρατες,
1144 1938 1181 2016 ἦ
1202 1941 1254 1999 δ’
1278 1942 1338 2009 ὅς
1351 1986 1366 2015 ,
1389 1951 1505 2009 πῶς
1523 1945 1740 2016 ἐσώθης

6 2026 34 2071 ⁸
54 2028 116 2086 ἐκ
135 2034 232 2101 τῆς
247 2027 449 2099 μάχης;
489 2025 682 2099 ὀλίγον
712 2029 771 2085 δὲ
800 2029 934 2097 πρὶν
962 2025 1107 2100 ἡμᾶς
1134 2026 1356 2084 ἀπιέναι
1385 2028 1529 2101 μα’χη
1550 2028 1741 2101 ἐγεγό-

3 2082 30 2215 1,

28 2133 35 2162 ι
56 2129 140 2168 νει
158 2111 220 2166 ἐν
234 2115 301 2182 τῇ
319 2113 605 2185 Ποτιδαίᾳ,
625 2108 696 2183 ἢν
715 2111 838 2181 ἄρτι
858 2106 1002 2183 ἦσαν
1020 2115 1077 2168 οἱ
1091 2115 1222 2184 τῇδε
1244 2115 1601 2184 πεπυσμένοι.
1649 2114 1740 2168 καὶ

14 2220 17 2228 ·
58 2190 163 2263 ἐγὼ
183 2188 322 2261 πρὸς
352 2189 526 2248 αὐτὸν
556 2189 1025 2266 ἀποκρινόμενος,
1066 2192 1314 2266 Οὑτωσί,
1351 2199 1523 2267 ἔφην,
1563 2194 1635 2261 ὡς
1668 2193 1739 2250 σὺ

58 2268 209 2347 ὁρᾷς.
261 2275 371 2330 Καὶ
389 2273 501 2346 μὴν
517 2273 784 2346 ἤγγελταί
795 2296 856 2347 γε
879 2280 1074 2348 δεῦρο,
1113 2282 1218 2348 ἔφη
1233 2320 1247 2348 ,
1283 2275 1322 2349 ἥ
1349 2299 1406 2333 τε
1425 2277 1569 2350 μάχη
1590 2277 1742 2334 πάνυ

28 2375 35 2407 ε
58 2353 255 2426 ἰσχυρὰ
276 2357 565 2425 γεγονέναι
585 2358 676 2412 καὶ
697 2360 758 2414 ἐν
778 2356 919 2430 αὐτῇ
940 2358 1184 2424 πολλοὺς
1202 2365 1314 2415 τῶν
1334 2365 1632 2431 γνωρίμων
1650 2382 1742 2416 τε·-
1786 2369 1819 2412 c

29 2437 283 2494 ίθνᾰναι.
341 2439 451 2493 Καὶ
482 2441 760 2512 ἐπιεικῶς,
799 2434 871 2511 ἦν
901 2438 956 2495 δ’
987 2441 1094 2512 ἐγώ
1110 2484 1122 2506 ,
1160 2439 1344 2513 ἀληθῆ
1387 2440 1737 2514 ἀπήγγελται.

29 2521 381 2603 Β·Παρεγένου
401 2524 529 2592 μέν,
550 2515 585 2593 ἦ
609 2520 665 2578 δ’
685 2521 772 2591 ὅς,
793 2530 861 2596 τῇ
876 2521 1047 2596 μάχῃ;
1085 2524 1502 2596 Παρεγενόμην.
1549 2531 1740 2598 Δεῦρο

29 2601 126 2673 {Ori
140 2643 155 2671 ,
176 2606 282 2675 ἔφη
296 2646 312 2674 ,
336 2604 708 2675 καθεζόμενος
733 2602 867 2677 ἡμῖν
886 2606 1167 2678 διήγησαι·
1206 2605 1275 2663 οὐ
1293 2609 1400 2679 γάρ
1419 2613 1476 2664 τί
1492 2629 1576 2664 πω
1598 2609 1742 2666 πάν-

30 2695 125 2741 ιέα
160 2691 352 2755 σαφῶς
388 2686 736 2758 πεπύσμεθα.
794 2691 884 2745 καὶ
922 2687 1034 2761 ἅμα
1075 2712 1141 2761 με
1174 2696 1387 2758 καθίζει
1416 2689 1571 2763 ἄγων
1591 2692 1737 2766 παρὰ

14 2773 39 2822 Ι
56 2769 291 2835 Κριτίαν
307 2765 407 2825 τὸν
426 2773 829 2842 Καλλαίσχρου.
891 2773 1416 2845 παρακαθεζόμενος
1436 2767 1543 2830 οὖν
1562 2773 1743 2847 ἠσπα-

31 2853 38 2910 ,Ῐ
59 2848 232 2971 ζόμηὲ
248 2848 346 2905 τόν
364 2856 677 2974 τΙῗΙΚριτίαν
693 2854 784 2909 καὶ
807 2853 937 2919 τοὺς
956 2854 1055 2911 ἄλλ
1064 2878 1178 2922 ους,
1202 2858 1290 2913 καὶ
1313 2856 1621 2928 διηγούμην
1641 2855 1749 2913 αὐ-

236 2941 351 2973 ιΛτο
442 2963 453 2973 .
1471 2942 1487 2975 ι
