1962 3112
170 121 225 168 79
736 115 1281 170 ΜΕΝΕΞΕΝΟΣ.
1752 114 1854 169 441

170 251 230 304 δέ
245 270 326 314 τις
343 251 406 304 ἐν
423 249 642 313 τούτοις
669 245 996 320 ἀγωνίζηται
1010 291 1025 318 ,
1064 246 1275 319 οὕσπερ
1295 250 1386 304 καὶ
1405 249 1643 322 ἐπαινεῖ,
1684 245 1855 310 οὐδὲν

169 334 303 402 μέγα
322 333 511 386 δοκεῖν
529 323 597 385 εὖ
615 331 813 400 λέγειν.

311 417 499 468 ΜΕΝ.
560 407 683 467 Οὐκ
703 419 834 480 οἴει,
860 404 904 465 ὦ
925 410 1255 482 Σώκρατες;

307 501 432 552 ΣΩ.
484 492 571 550 Οὐ
588 495 777 564 με’ντοι
795 490 870 563 μὰ
888 502 1014 550 Δία.

308 582 495 633 ΜΕΝ.
544 569 619 630 Ἦ
641 582 743 630 οῖει
774 569 890 639 οἷός
918 573 966 629 τ’
994 572 1065 630 ἂν
1087 575 1227 632 εἶναι
1248 575 1415 643 αὐτὸς
1434 583 1635 649 εἰπεῖν,
1672 583 1723 635 εἰ
1739 580 1854 635 δέοι
1883 582 1920 623 Ε

168 662 256 716 καὶ
277 658 457 715 ἕλοιτό
478 674 541 713 σε
560 654 594 727 ἡ
614 656 791 727 βουλή
804 681 819 722 3

309 746 435 798 2:52.
486 740 597 794 Καὶ
616 739 737 808 ἐμοὶ
767 740 870 808 μέν
892 759 982 807 γε,
1027 733 1070 793 ὦ
1092 744 1398 812 Μενέξενε,
1440 739 1608 798 οὐδὲν
1626 750 1854 813 θαυμα-

168 822 299 881 στόν
319 826 417 897 οἴῳ
436 819 486 877 τ’
520 819 660 876 εἶναι
677 824 876 891 εἰπεῖν,
918 814 965 894 ᾦ
988 822 1247 892 τυγχάνει
1270 823 1601 887 διδάσκαλος
1621 816 1763 878 οὖσα
1784 820 1854 878 οὐ

169 906 319 964 πάνυ
338 904 526 975 φαύλη
558 905 683 972 περὶ
712 905 1032 975 ῥητορικῆς,
1070 903 1190 959 ἀλλ’
1215 903 1356 976 ἥπερ
1378 907 1468 961 καὶ
1488 904 1693 970 ἄλλους
1713 912 1854 960 πολ-

171 986 298 1052 ἰοὺς
316 988 406 1042 καὶ
436 982 689 1056 ἀγαθοὺς
718 989 981 1056 πεποίηκε
1011 987 1273 1057 ῥήτορας,
1315 988 1413 1042 ἕνα
1444 989 1502 1043 δὲ
1536 990 1628 1043 καὶ
1658 989 1853 1058 διαφέ-

172 1091 336 1138 ροντα
354 1065 785 1139 τῶνἙλλήνων,
805 1070 1078 1136 Περικλέα
1098 1067 1198 1123 τὸν
1217 1073 1566 1132 Ξανθίππου.

307 1155 494 1205 ΜΕΝ.
557 1155 651 1215 Τίς
669 1148 837 1220 αὕτη;
874 1146 910 1221 ἦ
931 1153 1101 1220 δῆλον
1122 1149 1207 1206 ὅτι
1222 1149 1521 1206 Ἀσπασίαν
1542 1153 1745 1222 λέγεις;

306 1237 431 1288 ΣΩ.
495 1235 646 1302 Λέγω
665 1230 771 1302 γάρ
784 1274 800 1302 ,
820 1233 910 1287 καὶ
928 1232 1153 1288 Κόννον
1172 1254 1235 1303 γε
1253 1229 1354 1288 τὸν
1372 1236 1727 1303 Μητροβίου·
1751 1224 1854 1286 οὖ-

172 1335 249 1371 ευι
265 1314 375 1385 γάρ
395 1336 488 1385 μοι
508 1314 612 1369 δύο
634 1316 737 1369 εἰσὶ
758 1314 1079 1370 διδάσκαλοι
1093 1357 1106 1383 ,
1128 1312 1156 1370 ὁ
1177 1314 1279 1387 μὲν
1296 1321 1594 1386 μουσικῆς,
1619 1311 1652 1384 ἡ
1676 1315 1733 1368 δὲ
1755 1315 1854 1385 ῥη-
1882 1323 1962 1369 23⁶

167 1403 398 1468 τορικῆς.
441 1395 589 1451 οὕτω
620 1397 722 1467 μὲν
753 1389 858 1451 οὖν
878 1396 1224 1467 τρεφόμενον
1246 1394 1422 1465 ἄνδρα
1444 1393 1609 1451 οὐδὲν
1628 1403 1855 1466 θαυμα-

165 1477 298 1536 στὸν
316 1478 503 1534 δεινὸν
518 1476 659 1534 εἶναι
677 1482 858 1548 λέγειν
871 1501 882 1511 ·
906 1478 1043 1534 ἀλλὰ
1059 1481 1150 1534 καὶ
1163 1477 1313 1544 ὅστις
1327 1482 1466 1550 ἐμοῦ
1484 1479 1684 1535 κάκιον
1698 1481 1855 1534 ἐπαι-

166 1562 345 1631 δεύθη
359 1603 375 1630 ,
407 1559 683 1632 μουσικὴν
702 1561 804 1631 μὲν
822 1559 932 1617 ὑπὸ
954 1562 1231 1632 Λάμπρου
1251 1566 1602 1634 παιδευθείς,
1632 1566 1854 1635 ῥητορι-

166 1645 271 1714 κὴν
292 1643 351 1699 δὲ
373 1641 469 1698 ὑπ’
499 1640 870 1713 Ἀντιφῶντος
889 1651 991 1699 τοῦ
1013 1642 1405 1716 Ῥαμνουσίου,
1447 1645 1596 1716 ὅμως
1623 1642 1730 1701 κᾶν
1751 1637 1854 1700 οὗ-

165 1748 257 1790 τος
278 1722 394 1791 οἷός
421 1724 469 1781 τ’
494 1734 577 1797 εἴη
605 1724 939 1797 Ἀθηναίους
956 1749 1018 1798 γε
1049 1728 1111 1782 ἐν
1140 1726 1456 1799 Ἀθηναιόις
1481 1731 1726 1788 ἐπαινῶν
1757 1723 1854 1783 εὐ·-

167 1812 430 1879 δοκιμεῑν.
1408 1850 1412 1853 -

306 1896 391 1947 IV.
447 1896 635 1946 MEN.
689 1891 798 1946 Καὶ
818 1896 873 1946 τί
886 1886 958 1946 ἂν
977 1896 1116 1962 ἔχοις
1136 1896 1337 1963 εἰπεῖν,
1360 1897 1410 1948 εἰ
1427 1894 1542 1948 ὃεόι
1563 1909 1624 1946 σε
1645 1891 1853 1961 λέγειν;

307 1977 430 2028 ΣΩ.
471 1970 656 2037 Αὐτὸς
676 1972 779 2043 μὲν
800 1972 922 2042 παρ’
948 1978 1193 2045 ἐμαυτοῦ
1210 1983 1341 2039 ἴσως
1362 1972 1546 2044 οὐδέν,
1559 1970 1854 2038 ’Λσπασίας

169 2056 226 2111 δὲ
250 2056 341 2110 καὶ
360 2054 492 2125 χθὲς
510 2051 812 2125 ἠκροώμην
832 2054 1204 2126 περαινούσης
1223 2055 1516 2125 ἐπιτάφιον
1537 2054 1706 2126 λόγον
1730 2054 1855 2124 περὶ
1885 2070 1918 2111 Β

169 2138 356 2191 αὐτῶν
374 2134 605 2190 τούτων.
646 2134 856 2207 ἤκουσε
874 2135 984 2207 γὰρ
1004 2136 1144 2208 ἅπερ
1166 2136 1238 2193 σύ
1259 2140 1455 2208 λέγεις,
1499 2136 1583 2193 ὅτι
1602 2139 1854 2207 μέλλοιεν

164 2216 444 2288 Ἀθηναῖοι
474 2219 752 2286 αἱρεῖσθαι
782 2216 882 2273 τὸν
910 2220 1172 2287 ἐροῦντα·
1212 2225 1399 2275 ἔπειτα
1424 2217 1489 2275 τὰ
1524 2220 1627 2289 μὲν
1658 2220 1716 2274 ἐκ
1745 2223 1852 2273 τοῦ

168 2298 500 2368 παραχρῆμά
538 2319 631 2368 μοι
660 2299 829 2370 διῄει,
869 2294 958 2355 οἷα
991 2303 1103 2355 δέοι
1136 2304 1343 2372 λέγειν,
1384 2301 1449 2356 τά
1482 2301 1540 2356 δὲ
1578 2300 1856 2370 πρότερον

169 2382 501 2450 ἐσκεμμένη,
542 2378 633 2434 ὅτε
669 2402 762 2450 μοι
800 2384 955 2436 δοκεῖ
986 2388 1266 2438 συνετίθει
1306 2380 1407 2438 τὸν
1434 2382 1726 2452 ἐπιτάφιον
1756 2379 1855 2436 λό-

169 2484 298 2532 γον,
354 2460 420 2517 ὃν
456 2466 734 2532 Περικλῆς
774 2461 888 2518 εἶπε
903 2506 916 2530 ,
959 2464 1336 2536 περιλείμματ’
1376 2463 1509 2520 ἅττα
1546 2466 1600 2530 ἐξ
1637 2467 1855 2520 ἐκείνου

171 2549 547 2614 συγκολλῶσα.

313 2629 497 2679 ΜΕΝ.
548 2616 620 2679 'H
636 2625 725 2680 καὶ
745 2627 1155 2696 μνημονεύσαις
1175 2624 1247 2683 ἂν
1268 2625 1304 2683 ἃ
1328 2633 1514 2700 ἔλεγεν
1531 2625 1820 2693 ’Λσπασίας

310 2712 434 2762 ΣΩ.
475 2711 548 2762 Εἰ
563 2705 636 2777 μὴ
658 2705 834 2762 ἀδικῶ
862 2730 923 2778 γε
938 2729 949 2741 ·
981 2707 1307 2780 ἐμάνθανόν
1324 2713 1388 2780 γέ
1406 2731 1491 2765 τοι
1512 2708 1642 2780 παρ’
1668 2708 1855 2780 αὐτῆς,

169 2789 260 2843 καὶ
282 2786 475 2858 ὀλίγου
496 2787 709 2859 πληγὰς
730 2793 932 2859 ἔλαβον
946 2832 959 2858 ,
982 2789 1066 2846 ὅτι
1088 2791 1566 2862 ἐπελανθανόμην.
1888 2799 1919 2842 G

30 1984 50 2026 ξ

30 2031 55 2202 ἑ
