1962 3112
1172 0 1182 10 a
1199 0 1234 10 oa
1242 0 1246 3 ·
1282 0 1287 3 ·
1295 0 1470 29 ·-›ss''³{³*.'f³'³›3'l³
1484 0 1550 28 q—vv
1563 0 1717 31 323¹?:1327ff
1724 0 1962 34 (ξμςρψῇνὸᾳμέ

180 111 282 162 192
777 115 1249 164 ΠΛΑΤΩΝΟΣ
1408 107 1413 113 “
1767 125 1847 167 104

181 247 481 317 ἅνθρωπος
510 247 759 317 πράττει,
798 246 920 301 τότε
947 249 1047 317 μὲν
1076 250 1333 319 ἐλέγομεν
1359 247 1424 304 τὰ
1453 250 1623 320 κακά,
1661 257 1770 306 νῦν
1789 250 1848 306 δὲ

182 332 427 402 λέγωμεν
445 327 511 385 τὰ
533 328 731 396 ἀνιαρά
745 370 760 397 ,
783 328 1136 399 γιγνώσκων,
1157 328 1242 384 ὅτι
1260 328 1461 399 ἀνιαρά
1481 333 1654 400 ἐστιν,
1673 327 1850 402 ἡττώ-

67 420 154 465 356
183 435 347 485 μενος
373 410 481 466 ὑπὸ
514 417 626 465 τῶν
656 408 862 480 ἡδέων,
902 413 1073 479 δῆλον
1095 409 1181 465 ὅτι
1211 409 1451 476 ἀναξίων
1470 410 1649 467 ὅντων
1668 418 1845 484 νικᾷν.

182 497 274 550 καὶ
293 501 371 559 τίς
390 493 527 564 ἄλλη
550 491 671 557 άξία
687 489 863 596 ἡδονῇ
885 489 1023 559 πρὸς
1051 492 1236 562 λύπην
1266 494 1437 561 ἐστίν,
1475 490 1598 548 ἀλλ’
1619 489 1656 564 ἢ
1679 490 1850 560 ὑπερ-

182 576 319 648 βολὴ
350 573 604 645 ἀλλήλων
632 574 723 628 καὶ
752 576 1009 639 ἔλλειψιςς
1045 580 1217 628 ταῦτα
1255 571 1306 629 δ’
1343 575 1455 629 ἐστὶ
1489 578 1647 645 μείζω
1674 595 1731 628 τε
1759 575 1851 628 καὶ

183 657 514 728 σμικρότερα
550 654 851 725 γιγνόμενα
890 651 1143 724 ἀλλήλων
1186 657 1277 709 καὶ
1310 660 1477 710 πλείω
1517 657 1610 710 καὶ
1648 653 1850 710 ἐλάττω

185 741 277 794 καὶ
311 744 523 810 μᾶλλον
559 738 650 791 καὶ
691 727 868 806 ἧττον.
908 741 959 790 εἰ
986 735 1092 806 γάρ
1122 758 1202 800 τις
1230 739 1380 806 λέγοι
1414 735 1498 791 ὅτι
1535 734 1671 791 ἀλλὰ
1709 732 1851 790 πολὺ

188 823 462 893 διαφέρει,
502 842 544 874 ω
576 818 899 889 Σώκρατες,
936 816 996 873 τὸ
1026 825 1351 890 παραχρῆμα
1378 816 1488 890 ἡδὺ
1517 824 1619 873 τοῦ
1651 823 1725 882 εἰς
1754 815 1852 872 τὸν

186 903 423 973 ὕστερον
452 900 657 971 χρόνον
686 901 776 954 καὶ
804 896 962 970 ἡδέος
989 901 1080 956 καὶ
1108 906 1391 971 λυπηροῦ,
1429 906 1551 971 μιόυ
1580 900 1726 972 ἄλλῳ
1756 919 1851 971 τῳ,

188 989 359 1054 φαίην
397 979 468 1037 ἂν
505 987 674 1051 ἔγωγε
687 1022 703 1050 ,
737 977 775 1051 ἢ
809 978 986 1054 ἡδονῇ
1021 985 1107 1036 καὶ
1138 983 1314 1054 λύπῃ;
1352 980 1420 1037 οὐ
1449 980 1555 1052 γὰρ
1586 980 1711 1038 ἔσθ’
1743 978 1852 1052 ὅτῳ

127 1082 160 1123 Β
190 1065 353 1139 ἄλλῳ.
377 1061 497 1119 ἀλλ’
523 1061 706 1133 ὥσπερ
731 1061 944 1132 άγαθός
964 1063 1180 1118 ἱστάναι
1198 1062 1521 1132 ἄνθρωπος,
1544 1064 1770 1126 συνθεὶς
1787 1060 1862 1115 τά-

184 1144 318 1217 ἡδέα
337 1146 427 1200 καὶ
446 1145 673 1208 συνθεὶς
692 1143 757 1198 τα
788 1144 1035 1215 λυπηρά,
1072 1146 1162 1200 καὶ
1190 1142 1251 1200 τὸ
1282 1143 1443 1215 ἐγγὺς
1467 1145 1557 1200 καὶ
1581 1142 1640 1198 τὸ
1664 1143 1853 1214 πόρρω

187 1227 389 1298 στήσας
408 1230 467 1282 ἐν
485 1232 563 1300 τῷ
583 1230 724 1299 ζυγῷ
739 1267 753 1295 ,
776 1227 890 1281 εἰπὲ
911 1226 1114 1295 πότερα
1134 1231 1299 1281 πλείω
1318 1228 1479 1281 ἐστίν.
1511 1222 1608 1281 ε’ἀν
1628 1224 1728 1295 μὲν
1748 1221 1853 1293 γὰρ

186 1307 321 1380 ἡδέα
352 1307 489 1379 πρὸς
516 1305 651 1378 ἡδέα
681 1310 859 1379 ίστῇς,
896 1305 961 1360 τὰ
991 1311 1150 1377 μείζω
1182 1306 1267 1362 ἀεὶ
1295 1309 1386 1363 καὶ
1418 1312 1585 1362 πλείω
1623 1307 1851 1376 ληπτέα·

187 1390 285 1446 ἐὰν
306 1390 364 1446 δὲ
383 1386 601 1461 λυπηροὶ
623 1387 759 1458 πρὸς
778 1388 1024 1459 λυπηρά,
1062 1386 1127 1443 τὰ
1155 1389 1359 1444 ἐλάττω
1389 1389 1481 1444 καὶ
1501 1386 1851 1458 σμικρότερα·

188 1469 287 1527 ἐὰν
318 1471 377 1526 δὲ
404 1468 540 1542 ἡδέα
570 1470 707 1539 πρὸς
734 1470 979 1540 λυπηρά,
1024 1469 1120 1525 ἐὰν
1147 1469 1250 1541 μὲν
1268 1467 1333 1524 τὰ
1356 1467 1555 1538 ἀνιαρὰ
1574 1466 1857 1539 ὑπερβάλ-

188 1560 344 1622 ληται
373 1548 482 1605 ὑπὸ
513 1556 627 1605 τῶν
654 1548 862 1621 ἡδέων,
901 1549 998 1604 ἐάν
1025 1571 1082 1604 τε
1111 1550 1176 1604 τὰ
1205 1547 1368 1619 ἐγγὺς
1396 1547 1504 1604 ὑπὸ
1535 1555 1646 1604 τῶν
1664 1548 1854 1618 πόρρω

189 1634 286 1688 ἐάν
321 1654 378 1687 τε
414 1630 480 1687 τὰ
518 1632 709 1702 πόρρω
747 1628 855 1686 ὑπὸ
893 1636 1006 1685 τῶν
1042 1631 1232 1701 ἐγγύς,
1279 1631 1486 1702 ταύτην
1520 1629 1623 1703 τὴν
1658 1635 1853 1702 πρᾶξιν

130 1722 163 1764 G
192 1715 464 1782 πρακτέον
505 1714 566 1768 ἐν
593 1706 630 1784 ᾗ
667 1709 739 1767 ἄν
773 1709 930 1767 ταῦτ’
971 1714 1090 1783 ἐνῇ·
1131 1710 1228 1766 ἐὰν
1262 1712 1320 1768 δὲ
1348 1713 1412 1767 τὰ
1442 1711 1577 1783 ἡδέα
1606 1709 1713 1767 ὑπὸ
1742 1718 1854 1766 τῶν

189 1794 461 1864 ἀνιαρῶν,
484 1791 553 1850 οὐ
573 1795 812 1863 πρακτέα
828 1814 838 1824 ·
860 1793 933 1863 μή
958 1814 1032 1864 πῃ
1055 1792 1191 1864 ἄλλῃ
1212 1797 1343 1863 ἔχει,
1366 1799 1539 1864 φαίην
1558 1792 1644 1864 ἄν,
1666 1798 1854 1863 ταῦτα,

191 1869 236 1931 ὦ
255 1875 575 1946 ἄνθρωποι;
596 1874 680 1931 οἶδ
687 1872 700 1893 ’
725 1874 808 1930 ὅτι
830 1874 932 1929 οὐκ
953 1871 1025 1929 ἂν
1044 1880 1219 1944 ἔχοιεν
1238 1874 1417 1939 ἄλλως
1437 1878 1631 1943 λέγειν.
1671 1881 1851 1929 Συνε-

190 1956 339 2011 δόκει
374 1958 464 2011 καὶ
500 1958 708 2028 ἐκείνῳ.
769 1954 893 2011 Ὅτε
925 1956 991 2026 δὴ
1021 1962 1185 2011 τοῦτο
1216 1955 1392 2021 οὕτως
1429 1960 1562 2026 ἔχει,
1599 1956 1727 2010 τόδε
1762 1974 1856 2026 μοι

189 2037 572 2109 ἀποκρίνασθε
585 2080 599 2108 ,
640 2037 817 2108 φήσω.
850 2043 1103 2107 φαίνεται
1132 2035 1264 2108 ὑμῖν
1284 2044 1351 2110 τῇ
1369 2037 1495 2103 ὄψει
1514 2036 1580 2092 τὰ
1600 2035 1739 2093 αὐτὰ
1759 2060 1856 2108 με·-

193 2121 333 2189 γέθη
354 2118 596 2190 ἐγγύθεν
621 2118 722 2189 μὲν
748 2124 936 2219 μείζω,
977 2118 1275 2189 πόρρωθεν
1318 2120 1376 2175 δὲ
1418 2119 1647 2175 ἐλάττω·
1688 2116 1722 2191 ἢ
1761 2118 1856 2183 οὕς

190 2199 488 2272 Φήσουσιυ.
564 2201 675 2255 Καὶ
700 2198 766 2255 τὰ
797 2202 966 2270 παχέα
986 2198 1156 2256 καὶτὰ
1177 2201 1351 2258 πολλὰ
1373 2199 1658 2269 ωσαύτως,
1691 2203 1780 2257 καὶ
1801 2204 1860 2256 αι

190 2283 372 2352 φωναὶ
399 2290 512 2338 ἴσαι
540 2281 783 2351 ἐγγύθεν
810 2281 911 2352 μεν
936 2286 1174 2352 μείζους,
1215 2282 1515 2354 πόρρωθεν
1543 2284 1601 2339 δὲ
1628 2282 1857 2355 σμικρό-

124 2377 158 2417 D
189 2384 365 2431 τεραι;
406 2370 576 2418 Φαῖεν
606 2362 691 2418 ἄν.
766 2368 839 2418 Εἰ
867 2366 972 2418 οὐν
1000 2367 1060 2419 ἐν
1087 2364 1264 2438 τούτῳ
1284 2362 1415 2436 ἡμιν
1431 2358 1502 2438 ἦν
1520 2365 1581 2419 τὸ
1603 2359 1666 2420 εὖ
1683 2364 1856 2435 πράτ-

188 2466 330 2515 τειν,
371 2445 432 2499 ἐν
467 2466 542 2499 τω
573 2466 638 2499 τα
671 2467 772 2514 μεν
802 2445 1009 2515 μεγάλα
1037 2444 1181 2516 μήκη
1213 2448 1304 2502 καὶ
1333 2446 1590 2516 πράττειν
1607 2448 1697 2502 καὶ
1715 2454 1856 2516 λαμ-

190 2524 404 2596 βάνειν,
423 2522 488 2579 vo}
515 2527 570 2580 δὲ
593 2524 794 2596 σμικροὶ
820 2528 910 2581 καὶ
928 2526 1160 2596 φεύγειν
1178 2526 1359 2599 καὶμὴ
1379 2528 1663 2597 πράττειν,
1688 2533 1766 2592 τίς
1785 2524 1856 2581 ἂν

186 2602 319 2676 ἡμῖν
338 2610 575 2675 σωτηρία
599 2607 776 2678 ἐφάνη
810 2614 911 2662 τοῦ
939 2614 1093 2679 βίου;
1131 2602 1239 2679 ἆρα
1269 2607 1302 2681 ἡ
1331 2607 1621 2680 μετρητικὴ
1641 2611 1799 2680 τέχνη
1818 2605 1855 2680 ἦ

186 2684 220 2758 ἡ
243 2692 345 2741 τοῦ
365 2688 706 2758 φαινομένου
728 2687 990 2759 δύναμις,
1026 2685 1063 2761 ἦ
1091 2688 1232 2760 αὕτη
1261 2691 1362 2760 μὲν
1379 2688 1520 2761 ἡμᾶς
1539 2690 1746 2747 ἐπλάνα
1765 2691 1855 2746 καὶ

186 2771 356 2825 ἐποίει
386 2768 503 2825 ἄνω
533 2790 591 2824 τε
620 2771 709 2825 καὶ
739 2771 886 2825 κάτω
914 2771 1174 2836 πολλάκις
1201 2772 1641 2845 μεταλαμβάνειν
1681 2769 1852 2829 ταύτὰ
1936 2779 1937 2782 ’
