1962 3112
3 106 15 117 ·
85 155 142 201 5⁷
739 150 1111 198 ΓΟΡΓΙΑΣ.
1656 146 1766 200 255

88 286 359 354 μέλλοντα
386 281 564 339 καλὸν
592 281 851 354 κάγαθόν
869 285 961 339 καὶ
991 279 1289 354 εὐδόκιμον
1317 286 1545 339 ἔσεσθαι
1564 282 1759 356 ἄνδρα.

88 366 176 420 καὶ
198 363 306 436 γάρ
324 370 440 420 τῶν
463 364 656 435 νόμων
674 363 892 436 ἄπειροι
918 373 1202 434 γίγνονται
1229 370 1345 419 τῶν
1374 365 1512 421 κατὰ
1531 363 1633 438 τὴν
1657 366 1760 424 πό-

86 455 191 516 λιν,
205 449 297 503 καὶ
313 453 429 503 τῶν
445 447 648 518 λόγων,
670 444 750 512 οἷς
769 451 857 503 δεῖ
865 447 1153 518 χρώμενον
1172 443 1381 517 ὁμιλεῖν
1401 447 1462 502 ἐν
1480 459 1595 513 τοῖς
1616 465 1761 520 συμ-

84 535 329 602 βολαίοις
351 542 466 596 τοῖς
494 529 819 599 ἀνθρώποις
846 532 936 586 καὶ
967 533 1077 601 ἰδίᾳ
1106 530 1196 583 καὶ
1229 531 1490 603 δημοσίᾳ,
1529 531 1622 587 καὶ
1645 537 1761 587 τῶν

7 628 10 630 ’
85 611 309 684 ἡδονῶν
326 635 386 668 τε
403 615 496 668 καὶ
514 616 832 683 ἐπνθυμιῶν
851 619 967 668 τῶν
995 610 1395 682 ἀνθρωπείων,
1435 614 1527 668 καὶ
1548 613 1761 685 συλλή-

87 699 230 767 βδην
247 702 360 750 τῶν
376 692 540 766 ἠθῶν
559 695 914 750 παντάπασιν
942 693 1159 760 ἄπειροι
1186 698 1485 763 γίγνονται.
1534 694 1761 752 ἐπειδὰν

86 770 192 832 οὖν
214 782 458 832 ἔλθωσιν
487 784 563 841 εἷς
581 799 703 832 τινα
732 781 879 833 ἰδίαν
895 773 932 848 ἦ
962 774 1249 846 πολιτικὴν
1269 780 1494 846 πρᾶξιν,
1527 779 1761 848 καταγέ-

84 865 273 914 λαστοι
293 865 602 928 γίγνονται,
628 858 812 928 ῶσπερ
831 882 922 930 γε,
945 857 1110 928 οἶμαι,
1133 861 1190 912 οἰ
1205 863 1508 930 πολιτικοί,
1530 859 1755 915 ἐπειδὰν
1784 871 1818 911 Ε

87 934 162 996 αὖ
190 947 266 1006 είς
296 939 395 1006 τὰς
418 938 684 1012 ὑμετέρας
704 938 988 1012 διατριβάς
1018 945 1225 995 ἔλθωσι
1254 941 1346 995 καὶ
1375 938 1507 1004 τούς
1537 940 1757 1010 λόγους,

83 1025 478 1092 καταγέλαστοί
509 1028 627 1079 εἰσι.
701 1029 992 1095 συμβαίνει
1029 1020 1136 1093 γὰρ
1172 1020 1233 1076 τό
1285 1027 1385 1077 τοῦ
1420 1019 1756 1093 Εὐριπίδου·

86 1104 335 1176 λαμπρός
353 1102 395 1159 τ’
415 1106 563 1160 ἐστὶν
582 1106 810 1169 ἕκαστος
828 1106 889 1160 ἐν
905 1104 1084 1176 τούτῳ
1101 1146 1114 1170 ,
1146 1102 1282 1159 κάπὶ
1300 1101 1444 1159 τοῦτ’
1471 1107 1755 1175 ἐπείγεται,

339 1188 523 1257 νέμων
540 1184 602 1241 τὸ
624 1193 882 1241 πλεῖστον
900 1183 1104 1257 ἡμέρας
1122 1184 1297 1258 τούτῳ
1317 1186 1498 1255 μέρος,

333 1264 400 1322 ἵν’
423 1265 589 1332 αὐτὸς
606 1265 782 1322 αὑτοῦ
799 1267 1058 1338 τυγχάνει
1075 1269 1355 1338 βέλτιστος
1374 1264 1479 1321 ὤν·

85 1347 231 1404 ὅπου
252 1346 302 1403 δ’
327 1345 400 1404 ἄν
419 1355 635 1418 φαῦλος
653 1343 692 1421 ᾗ
703 1392 719 1418 ,
751 1352 1018 1405 ἐντεῦθεν
1037 1349 1235 1420 φεύγει
1255 1351 1347 1404 καὶ
1367 1352 1611 1419 λοιδορεῖ
1624 1356 1757 1405 τοῦ-
1785 1361 1873 1407 48⁵

84 1451 165 1499 το,
183 1428 246 1485 τὸ
267 1427 322 1484 δ’
342 1430 531 1501 ἕτερον
547 1434 776 1502 ἐπαινεῖ,
797 1429 859 1486 εὐ
868 1437 988 1503 νοίᾳ
1007 1436 1073 1503 τῇ
1093 1432 1312 1499 ἑαυτοῦ,
1324 1427 1635 1502 ἡγούμενος
1653 1431 1757 1486 οὕ-

83 1533 189 1576 τως
216 1508 383 1576 αὐτὸς
413 1510 614 1567 ἑαυτὸν
643 1516 902 1568 ἐπαινεῖν.
959 1510 1094 1580 ἀλλ’,
1128 1510 1304 1582 οἶμαι,
1347 1511 1407 1566 τὸ
1441 1510 1756 1582 ὀρθότατόν

81 1595 231 1649 ἐστιν
260 1590 589 1663 ἀμφοτέρων
614 1599 1309 1675 μετασχεῖνῇφιλοσοφίας
1336 1594 1438 1663 μὲν
1471 1593 1608 1650 ὅσον
1626 1616 1756 1651 παι-

82 1678 230 1740 δείας
261 1677 421 1746 χάριν
449 1674 623 1732 καλὸν
660 1677 930 1747 μετέχειν,
967 1677 1059 1732 καὶ
1086 1673 1189 1731 οὐκ
1228 1677 1456 1746 αἰσχρὸν
1491 1684 1754 1752 μειρακίῳ

81 1758 203 1815 ὄντι
234 1765 589 1829 φιλοσοφεῖν·
646 1758 870 1814 ἐπειδάν
900 1757 958 1814 δὲ
986 1757 1092 1829 ἤδη
1133 1757 1507 1828 πρεσβύτερος
1538 1755 1618 1814 ῶν
1652 1760 1757 1817 ἅν-

78 1848 308 1910 θρωπος
332 1845 408 1896 ἔτι
440 1845 749 1913 φιλοσοφῇ,
789 1842 1221 1910 καταγέλαστον,
1268 1832 1313 1894 ὦ
1330 1839 1654 1912 Σώκρατες,
1691 1844 1753 1899 τὸ

79 1928 259 1993 χρῆμα
277 1929 550 1992 γίγνεται,
582 1923 673 1977 καὶ
693 1925 864 1991 ἔγωγε
897 1918 1223 1992 ὁμοιότατον
1244 1919 1433 1991 πάσχω
1464 1919 1603 1990 πρὸς
1621 1922 1755 1989 τοὺς
1785 1938 1815 1978 Β

82 2010 532 2074 φιλοσοφοῦντας
550 2002 738 2072 ὥσπερ
767 2001 907 2073 πρὸς
924 2001 1055 2067 τούς
1072 2004 1492 2072 ψελλιζομένους
1514 2004 1605 2058 καὶ
1623 2010 1752 2061 παί-

81 2090 284 2152 ζοντας.
321 2083 458 2141 ὅταν
479 2086 583 2156 μὲν
598 2084 705 2156 γὰρ
726 2089 948 2142 παιδίον
965 2089 1065 2141 ἴδω
1078 2128 1092 2156 ,
1125 2078 1172 2157 ᾦ
1190 2088 1267 2139 ἔτι
1287 2083 1552 2154 προσήκει
1573 2087 1755 2142 διαλέ-

83 2173 284 2237 γεσθαι
310 2165 477 2236 οὕτω,
495 2168 892 2238 ψελλιζόμενον
913 2171 1003 2223 καὶ
1019 2171 1242 2235 παῖζον,
1279 2171 1449 2236 χαίρω
1470 2188 1526 2221 τε
1547 2169 1638 2222 καὶ
1655 2188 1756 2237 χα-

83 2255 203 2319 ρίεν
221 2269 315 2320 μοι
333 2253 590 2319 φαίνεται
608 2251 699 2304 καὶ
717 2251 1041 2319 ἐλευθέριον
1066 2249 1156 2303 καὶ
1182 2252 1395 2317 πρέπον
1411 2255 1480 2320 τῇ
1503 2257 1606 2304 τοῦ
1624 2270 1754 2305 παι-

83 2335 207 2388 δίου
243 2328 458 2405 ἡλικίᾳ,
516 2329 652 2386 ὅταν
689 2331 748 2388 δὲ·
782 2338 975 2402 σαφῶς
1017 2331 1412 2400 διαλεγομένου
1456 2335 1754 2400 παιδαρίου

78 2411 326 2482 α’κούσω,
348 2413 554 2480 πικρόν
571 2420 627 2468 τί
640 2435 734 2484 μοι
754 2417 908 2469 δοκεῖ
919 2419 1101 2484 χρῆμα
1127 2411 1267 2468 εἶναι
1286 2413 1375 2468 καὶ
1396 2409 1527 2486 άνιᾷ
1549 2436 1662 2486 μου
1683 2412 1751 2471 τά

84 2488 197 2552 ὦτα
215 2503 311 2551 καί
324 2517 418 2567 μοι
438 2498 594 2550 δοκεῖ
607 2497 982 2563 δουλοπρεπές
1011 2517 1063 2550 τι
1094 2493 1258 2551 εἶναι·
1294 2492 1431 2550 ὅταν
1461 2496 1520 2552 δὲ
1549 2494 1756 2565 άνδρός

82 2574 297 2650 ἀκούσῃ
320 2600 400 2642 τις
428 2579 822 2648 ψελλιζομένου
839 2573 876 2649 ἦ
897 2581 1154 2643 παίζοντα
1174 2574 1279 2650 ὁρᾷ
1292 2619 1307 2648 ,
1347 2579 1754 2649 καταγέλαστον
1787 2598 1820 2641 o

15 2686 18 2713 z
81 2665 336 2730 φαίνεται
371 2659 462 2715 καὶ
490 2657 773 2728 ἄνανδρον
798 2661 889 2715 καὶ
916 2665 1145 2731 πληγῶν
1171 2657 1343 2725 ἄξιον.
1402 2658 1609 2716 ταύτὸν
1645 2653 1753 2718 οὖν

78 2742 251 2813 ἔγωγε
268 2747 434 2797 τοῦτο
455 2741 646 2811 πάσχω
666 2739 915 2811 καὶπρὸς
931 2739 1061 2807 τούς
1081 2746 1545 2813 φιλοσοφοῦντας.
1599 2740 1750 2811 παρὰ

8 2830 13 2896 ι
78 2822 185 2895 νέῳ
207 2820 309 2893 μὲν
326 2821 435 2893 γὰρ
452 2828 716 2896 μειρακίῳ
737 2820 887 2894 ὁρῶν
905 2827 1242 2894 φιλοσοφίαν
1262 2821 1487 2894 ἄγαμαι,
1507 2824 1598 2880 καὶ
1619 2825 1752 2894 πρέ-
