1962 3112
185 65 290 119 272
735 70 739 72 ·
800 32 1274 117 ΠΛΑΤΩΝΟΣ
1407 31 1412 41 ”
1802 77 1862 124 74

329 207 500 258 ΚΑΛ.
541 199 744 256 ”Εστιν.

329 289 453 339 Σῼ.
506 281 664 338 Ἀλλά
697 280 808 352 μὴν
839 274 903 336 εὖ
931 303 994 351 γε
1037 282 1347 353 πράττοντα
1382 289 1565 348 κακῶς
1603 304 1863 355 πραττειν

189 365 301 438 ἅμα
320 364 602 422 ἀδύνατον
622 370 757 435 ἔφης
777 363 931 420 εἶναι.

330 455 500 505 ΚΑΛ.
560 449 706 518 Φημὶ
724 447 850 518 γάρ.

86 549 162 595 ι97
330 537 454 587 ΣΩ.
503 529 839 601 Ἀνιῶμενον
857 533 918 584 δέ
931 550 994 600 γε
1009 532 1216 600 χαίρειν
1231 527 1471 584 δυνατὸν
1489 526 1856 601 ὡμολόγηκας.

329 619 502 670 ΚΑΛ.
559 618 834 668 Φαίνεται.

332 702 458 752 ΣΩ.
517 693 638 751 Οὐκ
671 694 779 765 ἄρα
807 695 867 751 τὸ
889 699 1096 765 χαίρειν
1122 696 1268 748 ἐστὶν
1287 686 1352 748 εὖ
1370 694 1630 762 πράττειν
1649 692 1860 751 οὐδὲτὸ

191 778 457 835 ἀνιᾶσθαι
470 786 667 849 κακῶς,
691 776 829 833 ὥστε
850 778 1039 847 ἕτερον
1050 774 1361 846 γίγνεταιτὸ
1384 773 1492 845 ἡδὺ
1505 782 1605 831 τοῦ
1624 775 1859 848 ἀγαθοῦ.

332 869 502 918 ΚΑΛ.
562 859 682 917 Οὐκ
703 859 789 915 οἶδ
799 858 811 880 ’
832 859 965 915 ἅττα
987 864 1223 930 σοφίζει,
1254 853 1298 915 ὦ
1320 860 1624 929 Σώκρατες.

331 950 455 1001 Σῼ.
507 943 708 1015 Οἶσθα,
729 941 868 998 ἀλλὰ
888 941 1108 1012 ἀκκίζει,
1131 936 1174 997 ὦ
1189 947 1539 1005 Καλλίκλεις·
1561 943 1651 997 καὶ
1670 941 1865 1013 πρόϊθι

190 1049 252 1098 γε
275 1032 350 1083 ἔτι
380 1033 455 1092 εἰς
480 1025 540 1083 τὸ
564 1032 909 1098 ἔμπροσθεν,
946 1029 1038 1081 ἵνα
1060 1030 1233 1098 εἰδῇς,
1258 1022 1329 1089 ὥς
1350 1024 1524 1094 σοφὸς
1545 1022 1623 1079 ὤν
1640 1045 1707 1095 με
1726 1045 1862 1079 νου-

130 1126 162 1165 Β
193 1119 386 1175 θετεῖς.
432 1108 532 1180 οὐχ
566 1108 677 1180 ἅμα
712 1113 891 1175 διψῶν
918 1130 975 1163 τε
1006 1109 1233 1172 ἕκαστος
1268 1105 1428 1178 ἡμῶν
1463 1107 1735 1161 πέπαυται
1770 1107 1862 1160 καὶ

190 1192 304 1265 ἅμα
321 1190 590 1263 ἡδόμενος
612 1191 700 1247 διὰ
720 1197 821 1247 τοῦ
843 1197 1055 1257 πίνειν;

329 1280 499 1332 ΚΑΛ.
561 1273 681 1330 Οὐκ
702 1273 823 1330 οἶδα
846 1273 877 1331 ὅ
895 1297 946 1329 τι
964 1277 1161 1343 λέγεις·
1184 1271 1267 1328 ὅτι
1287 1277 1426 1342 ἔχων
1445 1277 1640 1342 ληρεῖς.

329 1362 483 1413 ΓΟΡ.
538 1361 856 1428 Μηδαμῶς,
880 1350 924 1412 ὦ
941 1361 1278 1425 Καλλίκλεις,
1301 1352 1422 1409 ἀλλ’
1446 1353 1752 1425 ἀποκρίνου
1772 1355 1862 1410 καὶ

189 1437 349 1511 ἡμῶν
370 1441 557 1509 ἕνεκα,
577 1442 667 1494 ἵνα
688 1445 1046 1508 περανθῶσιν
1066 1441 1120 1493 οἱ
1140 1436 1308 1508 λόγοι.

336 1528 505 1578 ΚΑΛ.
556 1520 700 1578 Ἀλλ’
724 1521 807 1578 ἀεὶ
826 1518 1074 1585 τοιοῦτός
1093 1522 1207 1576 ἐστι
1225 1519 1542 1589 Σωκράτης,
1566 1512 1612 1574 ω’
1628 1523 1854 1589 Γοργία·

100 1679 102 1681 ‚
194 1604 396 1677 σμικρὰ
419 1607 508 1660 καὶ
531 1603 723 1675 ὀλίγον
746 1602 868 1670 ἄξια
888 1602 1137 1676 ἀνερωτᾷ
1155 1605 1245 1658 καὶ
1266 1605 1536 1673 ἐξελέγχει.

335 1691 492 1743 ΓΟΡ.
544 1684 701 1741 Ἀλλά
727 1691 783 1740 τί
807 1687 893 1741 σοὶ
922 1687 1194 1756 διαφέρεις
1230 1684 1448 1748 πάντως
1476 1682 1544 1739 οὐ
1575 1681 1642 1755 σὴ
1672 1681 1858 1755 αὕτηή

192 1769 344 1840 τιμή,
389 1762 433 1824 ὦ
461 1773 811 1832 Καλλίκλεις·
851 1766 971 1823 ἀλλ’
1006 1767 1240 1837 ὑπόσχες
1276 1767 1563 1838 Σωκράτει
1597 1768 1857 1837 ἐξελέγξαι

192 1848 341 1915 ὅπως
361 1846 433 1904 ἂν
449 1849 727 1920 βούληται.

129 1950 163 1991 c
330 1936 503 1987 KAA.
553 1929 756 1999 Ἐρώτα
788 1929 852 2002 δὴ
885 1928 956 1985 σύ
986 1928 1053 1986 τά
1078 1930 1281 2001 σμικρά
1298 1951 1356 1985 τε
1375 1932 1467 1986 καὶ
1484 1928 1647 1986 στενὰ
1668 1936 1846 2003 ταῦτα,

196 2018 417 2084 ἐπείπερ
435 2019 644 2087 Γοργίᾳ
666 2017 820 2069 δοκεῖ
834 2013 1022 2078 οὕτως.

333 2103 433 2153 LII.
509 2103 633 2153 ΣΩ.
690 2096 988 2169 Εὐδαίμων
1008 2094 1079 2166 εἷ,
1119 2090 1164 2151 οἷ
1191 2101 1536 2167 Καλλίκλεις,
1577 2093 1660 2150 ὅτι
1677 2095 1743 2151 τὰ
1763 2117 1861 2167 με-
1949 2115 1952 2142 1

196 2179 339 2249 γάλα
368 2180 645 2251 μεμύησαι
674 2181 806 2251 πρὶν
833 2180 899 2235 τὰ
920 2178 1148 2250 σμικρά·
1187 2175 1293 2248 ἐγώ
1318 2175 1370 2233 δ’
1397 2174 1501 2234 οὐκ
1523 2175 1679 2253 ᾤμην
1697 2185 1860 2248 θεμι-
1948 2211 1951 2247 5

191 2260 292 2317 τὸν
326 2261 481 2318 εἶναι.
519 2260 657 2318 ὅθεν
697 2256 800 2318 οὖν
834 2260 1116 2332 ἀπέλιπες,
1153 2258 1486 2332 ἀποκρίνου,
1526 2265 1576 2316 εἰ
1607 2259 1708 2330 οὐχ
1749 2257 1859 2331 ἅμα
1947 2254 1949 2305 ff

190 2344 425 2400 παύεται
446 2346 665 2412 διψων’
643 2346 870 2410 ἕκαστος
888 2341 1045 2417 ἡμῶν
1064 2342 1156 2398 καὶ
1173 2339 1456 2413 ἡδόμενος.
1939 2348 1945 2356 ’

329 2433 500 2483 ΚΑΛ.
556 2433 715 2498 Φημί.

331 2513 454 2564 ΣΩ.
515 2506 744 2564 Οὐκοῦν
763 2510 854 2565 καὶ
875 2529 1080 2565 πεινων
1099 2509 1190 2564 καὶ
1209 2529 1322 2564 των
1342 2506 1526 2563 άλλων
1541 2466 1855 2579 έπιθυμι-ων

188 2589 280 2643 καὶ
297 2585 564 2659 ἡδονων
540 2588 652 2684 α’μα
674 2589 934 2647 παύεται·
921 2633 937 2658 ,

328 2675 486 2726 ΚΑΛ
491 2714 499 2724 .
547 2669 693 2727 ’Ἐστι
712 2679 896 2728 ταῦτα.
