2020 3094
0 103 1 109 ’
97 136 148 179 19
658 126 1206 175 ΕΤΘΥΔΗΜΟΣ.
1669 123 1768 175 107

90 258 275 331 ἐπειδὴ
297 261 388 316 καὶ
407 259 717 332 πρεσβύτης
747 265 883 331 εἰμί,
914 258 1416 331 παρακινδυνεύειν
1445 259 1658 328 ἕτοιμος
1677 260 1767 313 καὶ

91 346 436 412 παραδίδωμι
455 341 696 412 ἐμαυτὸν
714 341 1128 415 Διονυσοδώρῳ
1146 339 1324 415 τούτῳ
1347 338 1532 410 ὥσπερ
1549 346 1618 412 τῇ
1637 344 1769 410 Μη-

92 427 210 496 δείᾳ
228 430 295 496 τῇ
312 423 510 497 Κόλχῳ
527 445 538 454 ·
577 421 869 479 ἀπολλύτω
888 446 956 495 με
969 467 984 494 ,
1016 426 1107 480 καὶ
1128 429 1178 479 εί
1192 424 1293 495 μὲν
1311 422 1573 495 βούλεται
1586 465 1600 493 ,
1642 423 1768 487 ἕψε·-

90 526 192 573 τω,
231 510 283 560 εἰ
298 504 372 575 δ’,
412 504 447 560 ὅ
464 528 515 560 τι
535 504 822 576 βούλεται,
860 513 1024 561 τοῦτο
1046 513 1266 563 ποιείτω
1281 528 1293 539 ·
1333 505 1512 577 μόνον
1528 504 1770 576 χρηστὸν

89 586 447 659 ἀποφηνάτω.
486 585 627 643 καὶὸ
648 586 993 658 Κτήσιππος,
1011 586 1144 659 Ἐγώ
1165 591 1291 660 μέν,
1313 594 1447 660 ἔφη,
1469 589 1560 645 καὶ
1579 586 1766 659 αὐτός,

91 665 135 725 ὦ
154 671 478 741 Σώκρατες,
517 669 734 740 ἕτοιμός
753 675 863 740 εἰμι
882 674 1141 741 παρέχειν
1171 670 1414 742 ε’μαυτόν
1431 683 1546 736 τοῖς
1574 673 1766 739 ξένοις,

89 754 180 808 καὶ
205 751 304 807 ἐὰν
335 751 650 823 βούλωνται
670 754 852 820 δέρειν
871 756 948 807 ἔτι
977 760 1190 823 μᾶλλον
1208 750 1244 824 ἦ
1264 761 1375 809 νῦν
1394 757 1682 825 δέρουσιν,
1722 762 1774 810 εἰ

87 855 180 904 μοι
195 832 231 906 ἡ
253 833 390 903 δορὰ
411 834 487 905 μὴ
509 839 585 899 εἰς
602 832 779 890 ἀσκὸν
798 834 1109 905 τελευτήσει
1139 834 1326 907 ὥσπερ
1346 835 1379 908 ἡ
1400 843 1502 892 τοῦ
1522 838 1770 906 Μαρσύ-
1799 852 1834 892 D

89 939 186 988 ov,
225 915 339 973 ἀλλ’
363 921 440 981 εἰς
458 914 677 988 ἀρετήν.
733 923 910 973 καίτοι
938 937 1006 986 με
1027 924 1198 972 οἴεται
1214 918 1649 991 Διονυσόδωρος
1666 917 1769 974 οὑ-

87 1002 208 1055 τοσὶ
226 1004 575 1070 χαλεπαίνειν
595 997 745 1074 αὐτῷ
760 1021 771 1031 ·
804 996 911 1070 ε’γώ
933 997 991 1054 δὲ
1010 995 1079 1054 οὐ
1097 1006 1435 1073 χαλεπαίνω,
1467 1001 1590 1058 ἀλλ’
1612 1001 1769 1058 ἀντι-

87 1083 226 1152 λέγω
247 1081 387 1152 πρὸς
402 1087 575 1136 ταῦτα
590 1123 606 1150 ,
637 1079 673 1135 ἅ
693 1102 788 1151 μοι
818 1084 976 1136 δοκεῖ
993 1082 1136 1151 πρός
1164 1104 1231 1152 με
1261 1081 1335 1154 μὴ
1357 1090 1539 1148 καλῶς
1557 1087 1766 1155 λέγειν·

86 1162 223 1220 ἀλλά
242 1164 314 1220 σὺ
331 1163 393 1219 τό
414 1161 723 1232 ἀντιλέγειν
736 1206 750 1231 ,
781 1168 913 1235 ἔφη,
938 1157 984 1218 ὦ
1000 1175 1222 1233 γενναῖε
1240 1166 1668 1237 Διονυσόδωρε,
1690 1164 1765 1237 μὴ

86 1247 243 1303 κάλει
260 1250 639 1317 λοιδορεῖσθαι
652 1267 663 1280 ·
684 1247 876 1316 ἕτερον
893 1246 1000 1315 γάρ
1019 1251 1078 1301 τί
1090 1248 1203 1302 ἐστι
1218 1245 1280 1303 τὸ
1301 1251 1692 1319 λοιδορεῖσθαι.

227 1336 340 1387 XV.
412 1331 523 1385 Καὶ
560 1326 589 1385 ὁ
628 1328 1088 1400 Διονυσόδωρος,
1131 1327 1224 1394 Ὡς
1261 1329 1450 1399 ὄντος,
1493 1336 1627 1403 ἔφη,
1664 1338 1768 1387 τοῦ

87 1411 409 1483 ἀντιλέγειν,
433 1406 479 1467 οἶ
498 1410 788 1482 Κτήσιππε
801 1453 816 1481 ,
837 1423 987 1467 ποιεῖ
999 1409 1131 1477 τοὺς
1149 1412 1376 1483 λόγους;
1411 1414 1648 1479 Πάντως
1666 1414 1764 1484 δήν

0 1560 1 1565 ¹
84 1515 214 1565 που,
235 1498 359 1566 ἔφη,
384 1496 476 1550 καὶ
497 1494 718 1564 σφόδρα
735 1515 799 1565 γε
815 1518 826 1528 ·
847 1490 883 1565 ἦ
904 1494 1005 1565 σύ,
1030 1488 1074 1550 ὦ
1090 1496 1513 1566 Διονυσόδωρε,
1543 1493 1646 1551 οὐκ
1667 1503 1770 1552 οἴει

84 1574 224 1633 εἶναι
242 1574 576 1647 ἀντιλέγειν;
599 1575 828 1633 Οὔκουν
841 1577 913 1632 σύ
933 1576 1054 1646 τάν,
1074 1581 1198 1648 ἔφη,
1220 1576 1530 1645 ἀποδείξαις
1548 1579 1770 1635 πώποτε

83 1658 331 1724 ἀκούσας
377 1658 610 1723 οὐδενὸς
655 1657 1037 1728 ἀντιλέγοντος
1073 1661 1264 1730 ἑτέρου
1302 1661 1483 1735 ἑτέρῳ.
1560 1659 1771 1732 Ἀληθῆ

86 1749 276 1813 λέγεις,
299 1747 404 1812 ἔφη
421 1764 432 1774 ·
454 1739 593 1798 ἀλλά
613 1740 908 1812 ἀκούωμεν
926 1748 1052 1813 νῦν,
1075 1750 1131 1799 εἴ
1143 1760 1232 1798 σοι
1250 1741 1617 1814 ἀποδείκνυμι
1630 1786 1644 1812 ,
1667 1740 1771 1798 ἀν-

84 1827 393 1894 τιλέγοντος
420 1828 750 1894 Κτησίππου
779 1824 1213 1899 Διονυσοδώρῳ.
1271 1819 1346 1880 Ἦ
1377 1827 1470 1880 καὶ
1505 1822 1770 1896 ὑπόσχοις

84 1902 159 1962 ἀν
178 1906 382 1962 τούτου
412 1905 612 1975 λόγους
648 1906 842 1978 Πάνυ,
882 1913 1004 1979 ἔφη.
1084 1914 1154 1964 Τί
1179 1901 1313 1976 οὖν;
1348 1900 1387 1978 ἦ
1417 1905 1471 1962 δ’
1503 1905 1590 1972 ὅς·
1629 1909 1764 1964 εἰσὶν

84 1987 297 2063 ἑκάστῳ
332 1994 445 2043 τῶν
481 1986 664 2043 ὄντων
700 1989 884 2058 λόγοι;
921 1990 1087 2045 Πάνυ
1115 2012 1192 2061 γε.
1269 1987 1502 2046 Οὐκοῦν
1530 1987 1604 2055 ὡς
1621 1994 1768 2046 ἔστιν

1804 1514 1839 1554 Ε

87 2072 322 2127 ἕκαστον
338 2066 375 2142 ἦ
395 2068 469 2136 ὥς
486 2067 590 2126 οὐκ
610 2074 786 2138 ἔστιν;
801 2069 893 2137 Ὡς
913 2077 1076 2128 ἔστιν.
1116 2076 1190 2127 Εἰ
1204 2070 1311 2142 γὰρ
1331 2074 1620 2144 μέμνησαι,
1642 2077 1766 2144 ἔφη,
1795 2093 1883 2140 286

87 2147 132 2209 d
150 2153 454 2224 Κτήσιππε,
471 2154 563 2209 καὶ
581 2153 704 2223 ἄρτι
724 2156 1075 2226 ἐπεδείξαμεν
1090 2160 1299 2228 μηδένα
1321 2157 1551 2226 λέγοντα
1572 2154 1646 2221 ὡς
1665 2154 1769 2211 οὐκ

87 2241 202 2292 ἔστι
216 2257 227 2268 ·
247 2234 308 2291 τὸ
329 2234 438 2307 γὰρ
457 2234 530 2307 μὴ
552 2232 621 2291 ὂν
641 2235 822 2302 οὐδεὶς
841 2237 1020 2309 ἐφάνη
1042 2241 1235 2309 λέγων.
1279 2243 1346 2293 Τί
1362 2232 1468 2293 οὖν
1492 2236 1558 2309 δὴ
1576 2245 1768 2306 τοῦτο;

85 2313 122 2390 ἦ
142 2316 196 2373 δ’
222 2315 283 2383 ὃς
300 2315 330 2374 ὁ
350 2318 694 2389 Κτήσιππος·
714 2312 885 2391 ἧττόν
904 2342 955 2375 τι
974 2317 1332 2390 ἀντιλέγομεν
1351 2319 1461 2390 ἐγώ
1481 2342 1538 2376 τε
1557 2324 1648 2378 καὶ
1669 2322 1769 2390 σύ;

90 2400 340 2471 Πότερον
358 2394 491 2470 οὖν,
511 2393 547 2471 ἦ
568 2398 622 2456 δ’
648 2400 737 2472 ὅς,
776 2399 1157 2474 ἀντιλέγοιμεν
1174 2398 1246 2457 ἀν
1270 2408 1371 2458 τοῦ
1390 2401 1568 2459 αὐτοῦ
1588 2404 1770 2476 πράγ-

88 2505 258 2555 ματος
287 2484 457 2554 λόγον
486 2481 792 2554 ἀμφότεροι
819 2487 1100 2555 λέγοντες,
1137 2481 1174 2555 ἢ
1204 2483 1352 2540 οὕτω
1372 2486 1475 2556 μὲν
1494 2482 1566 2540 ἀν
1587 2486 1770 2558 δήπου

86 2564 259 2623 ταύτὰ
280 2570 563 2637 λέγοιμεν;
597 2568 931 2638 Συνεχώρει.
980 2563 1124 2622 Ἀλλ’
1147 2565 1283 2622 ὅταν
1299 2568 1621 2638 μηδέτερος,
1642 2572 1767 2640 ἔφη,

89 2647 192 2706 τὸν
211 2655 314 2705 τοῦ
331 2649 650 2720 πράγματος
670 2649 840 2719 λόγον
859 2653 990 2722 λέγῃ
1005 2691 1018 2718 ,
1056 2648 1178 2704 τότε
1198 2646 1579 2721 ἀντιλέγοιμεν
1597 2648 1697 2716 ἀνς
1731 2646 1770 2722 ἦ

94 2730 243 2787 οὕτω
270 2753 331 2802 γε
359 2730 421 2787 τὸ
452 2733 718 2802 παράπαν
747 2730 870 2790 οὐδ’
899 2729 972 2787 ἀν
994 2735 1340 2803 μεμνημένος
1361 2739 1444 2803 εἴη
1465 2737 1567 2788 τοῦ
1586 2732 1767 2802 πράγ-·

89 2836 260 2886 ματος
289 2811 578 2885 οὐδέτερος
605 2814 791 2889 ἡμῶνς
830 2816 936 2872 Καὶ
974 2821 1137 2870 τοῦτο
1168 2815 1564 2887 συνωμολόγει.
1623 2810 1769 2870 Ἀλλ’

1800 2671 1832 2712 Β
