2020 3094
812 149 865 194 A
881 146 981 193 ΥΣ
993 146 1085 193 ῙΣ.
1723 137 1790 192 77

108 281 291 347 ὄντες·
334 277 473 337 ἀλλὰ
491 276 592 335 τὸν
608 276 750 334 θεὸν
777 274 953 334 αὐτόν
982 295 1122 348 φασι
1138 287 1319 333 ποιεῖν
1338 281 1536 347 φίλους
1562 273 1785 346 αὐτούς,

107 363 314 435 ἄγοντα
332 359 458 432 παρ’
478 359 767 433 ἀλλήλους.
823 364 1045 432 λέγουσι
1075 364 1136 416 δέ
1165 382 1282 426 πως
1309 366 1510 428 ταῦτα,
1550 355 1623 424 ὡς
1651 352 1793 432 ἐγῷ-

105 467 232 517 μαι,
254 441 378 500 ‹fiot-

248 530 359 582 αἰεί
372 547 457 581 τοι
475 525 574 582 τὸν
593 523 787 597 ὁμοῖον
803 525 924 596 ἄγει
942 523 1075 589 θεὸς
1096 521 1168 589 ὡς
1184 522 1288 580 τὸν
1308 522 1503 596 ὁμοῖον

106 611 199 666 καὶ
219 620 370 664 ποιεῖ
378 607 665 679 γνώριμον
679 629 692 642 ·
727 604 764 680 ἦ
785 605 888 664 οὐκ
909 605 1268 678 ἐντετύχηκας
1296 607 1513 671 τούτοις
1532 616 1643 671 τοῖς
1663 609 1791 661 ἕπε-
1816 614 1850 655 Β

106 710 224 756 σιν;
244 690 456 763 Ἔγωγε
470 733 484 760 ,
505 695 627 763 ἔφη.
670 689 900 747 Οὐκοῦν
919 690 1139 754 καὶτοῖς
1158 695 1271 744 τῶν
1289 688 1631 760 σοφωτάτων
1652 703 1791 758 συγ-

104 773 425 846 γράμμασιν
440 773 799 845 ἐντετύχηκας
811 779 983 828 ταῦτα
1003 769 1144 827 αὐτὰ
1161 773 1437 842 λέγουσιν,
1451 769 1536 826 ὅτι
1550 769 1613 826 τὸ
1632 767 1791 842 ὅμοι-

111 877 177 911 ον
196 860 272 928 τῷ
294 852 464 930 ὁμοίῳ
486 853 700 927 α’νάγκη
722 853 806 912 ἀεὶ
826 860 993 926 φίλον
1014 853 1181 920 εἷναι;
1210 855 1314 910 εἰσὶ
1333 854 1398 910 δέ
1412 873 1525 908 που
1553 846 1708 908 οὗτοι
1737 856 1795 908 οἱ

109 939 234 1008 περὶ
253 937 477 1008 φύσεώς
494 959 554 993 τε
569 939 661 995 καὶ
676 944 779 994 τοῦ
798 937 936 994 ὅλου
954 936 1333 1008 διαλεγόμενοι
1352 936 1445 992 καὶ
1462 934 1789 1007 γράφοντες.

109 1025 339 1092 Αληθῆ,
360 1024 494 1091 ἔφη,
513 1021 702 1091 λέγεις.
750 1012 858 1090 Ἆρ’
881 1012 1012 1089 οὖν,
1051 1012 1125 1089 ἦν
1154 1014 1207 1073 δ’
1235 1017 1372 1090 ἐγώ,
1412 1010 1479 1072 εὖ
1504 1018 1790 1088 λε’γουσιν;

94 1099 278 1167 Ἴσως,
301 1106 422 1173 ἔφη.
442 1101 628 1170 Ἴσως,
649 1095 724 1174 ἦν
743 1100 796 1157 δ’
819 1100 926 1172 ἐγώ
939 1143 954 1170 ,
973 1098 1034 1156 τό
1053 1099 1226 1172 ἥμισυ
1245 1097 1447 1170 αὐτοῦ,
1469 1105 1601 1164 ἴσως
1620 1098 1680 1155 δὲ
1699 1101 1792 1155 καὶ

108 1189 249 1254 πᾶν,
280 1180 396 1239 ἀλλ’
413 1181 569 1256 ἡμεῖς
598 1183 668 1240 ού
692 1191 969 1255 συνίεμεν.
1027 1185 1184 1239 δοκεῖ
1198 1180 1304 1254 γὰρ
1323 1179 1457 1253 ἡμῖν
1476 1180 1509 1238 ὅ
1528 1203 1592 1254 γε
1612 1201 1792 1253 πονη-

106 1263 206 1333 ρὸς
240 1271 320 1340 τῷ
354 1273 610 1341 πονηρῷ,
648 1265 762 1341 ὅσω
799 1261 871 1322 ἂν
907 1267 1182 1336 ἐγγυτέρω
1213 1268 1415 1337 προσίῃ
1451 1265 1544 1318 καὶ
1577 1269 1793 1334 μᾶλλον
1823 1273 1853 1315 O

107 1345 297 1421 ὁμιλῇ,
317 1348 565 1423 τοσούτῳ
587 1352 792 1420 ἐχθίων
809 1345 1117 1419 γίγνεσθαι.
1158 1345 1338 1403 ἀδικεῖ
1354 1345 1462 1418 γάρ
1478 1367 1490 1378 ”
1524 1343 1794 1403 α’ὃικοῦν-

110 1452 204 1496 τας
223 1431 283 1486 δὲ
303 1432 394 1489 καὶ
412 1428 814 1504 ἀδικουμένους
841 1428 1124 1487 ἀδύνατόν
1142 1449 1253 1485 που
1272 1434 1471 1501 φίλους
1499 1426 1652 1485 εἶναι.
1693 1426 1793 1500 οὐχ

109 1511 317 1581 οὗτωςς
340 1520 472 1587 Ναί,
496 1508 529 1586 ἦ
548 1514 601 1571 δ’
618 1514 694 1581 ὅς.
737 1514 924 1588 Ταύτῃ
943 1512 1046 1584 μὲν
1064 1510 1136 1567 ἂν
1156 1518 1349 1568 τοίνυν
1367 1517 1471 1567 τοῦ
1489 1513 1794 1583 λεγομένου

109 1593 169 1652 τὸ
194 1595 365 1668 ἥμισυ
385 1595 489 1654 οὐκ
509 1595 715 1670 ἀληθὲς
734 1606 835 1668 εἴη,
857 1604 1011 1667 εἴπερ
1031 1599 1087 1652 οἰ
1102 1596 1336 1667 πονηροὶ
1354 1593 1614 1666 ἀλλήλοις
1633 1594 1793 1667 ὅμοι-

109 1699 179 1735 οι.
230 1677 437 1752 ’Λληθῆ
466 1682 654 1751 λέγεις.
706 1677 869 1736 Ἀλλά
898 1700 992 1750 μοι
1022 1681 1253 1735 δοκοῦσι
1280 1682 1461 1750 λέγειν
1489 1676 1622 1744 τούς
1655 1676 1794 1750 άγα-

107 1759 254 1828 θούς
272 1759 499 1834 ὁμοίους
519 1762 659 1820 εἶναι
678 1761 935 1835 ἀλλήλοις
954 1762 1044 1818 καὶ
1063 1770 1289 1835 φίλους,
1323 1759 1456 1827 τούς
1484 1762 1544 1819 δὲ
1564 1760 1792 1831 κακούς,

113 1841 249 1914 ὅπερ
267 1846 358 1901 καὶ
377 1847 592 1917 λέγεται
612 1847 736 1917 περὶ
756 1844 945 1901 αὐτῶν
961 1888 973 1911 ,
997 1849 1267 1917 μηδέποτε
1286 1842 1513 1917 ὁμοίους
1531 1843 1794 1916 μηδ’,αύ-

112 1924 244 1992 τούς
262 1925 450 1994 αὐτοῖς
470 1926 635 2001 εἶναι,
677 1926 791 1984 ἀλλ’
811 1926 1156 1999 ἐμπλήκτους
1172 1950 1232 1985 τε
1259 1929 1351 1984 καὶ
1373 1926 1791 2000 ἀσταθμήτους·
1828 1939 1860 1979 D

110 2005 143 2065 ὃ
162 2009 221 2066 δὲ
242 2006 376 2066 αὐτὸ
397 2007 551 2083 αὐτῷ
569 2010 840 2082 ἀνόμοιον
861 2018 943 2082 εἴη
963 2012 1054 2068 καὶ
1084 2011 1388 2082 διάφορον,
1429 2017 1601 2083 σχολῇ
1630 2015 1695 2080 γε’
1716 2032 1791 2084 τῳ

27 2139 29 2142 .
108 2089 259 2166 ἄλλῳ
279 2089 476 2164 ὅμοιον
495 2089 532 2164 ἦ
551 2097 719 2164 φίλον
747 2098 963 2165 γένοιτο
978 2116 989 2126 ·
1032 2089 1065 2165 ἦ
1086 2090 1156 2149 οὐ
1185 2094 1278 2150 καὶ
1299 2095 1386 2150 σοὶ
1406 2096 1564 2150 δοκεῖ
1582 2093 1790 2160 οὕτωςς

98 2171 347 2245 Ἔμοιγε,
368 2178 490 2247 ἔφη.
535 2181 711 2231 Τοῦτο
730 2185 924 2232 τοίνυν
944 2181 1306 2246 αἰνίττονται,
1348 2173 1423 2241 ὡς
1446 2178 1565 2248 ἐμοὶ
1587 2180 1793 2233 δοκοῦ-

110 2273 228 2326 σιν,
261 2250 306 2312 ὦ
324 2259 530 2328 ἑταῖρε,
562 2262 619 2315 οἱ
631 2258 692 2316 τὰ
715 2257 911 2331 ὅμοιον
930 2265 1007 2334 τῷ
1028 2255 1200 2331 ὁμοίῳ
1222 2262 1388 2328 φίλον
1408 2261 1687 2331 λέγοντες,
1718 2257 1792 2324 ὣς

109 2337 140 2396 ὁ
157 2336 373 2411 ἀγαθὸς
390 2347 469 2416 τῷ
487 2339 687 2416 ἀγαθῷ
712 2341 883 2414 μόνος
911 2341 1064 2416 μόνῳ
1090 2347 1277 2411 φίλος,
1320 2338 1349 2397 ὁ
1382 2341 1442 2398 δὲ
1470 2339 1639 2409 κακὸς
1666 2338 1791 2398 οὔτ’

109 2420 311 2498 ἀγαθῷ
349 2421 475 2479 οὔτε
517 2431 671 2499 κακῷ
708 2423 970 2480 οὐδέποτε
1003 2429 1079 2488 είς
1114 2421 1298 2495 ἀληθῆ
1333 2428 1526 2494 φιλίαν
1563 2427 1790 2496 ἔρχεται.

111 2508 376 2560 συνδοκεῖ
391 2523 509 2573 σοι·
546 2509 909 2563 Κατένευσεν.
947 2503 1235 2578 Ἕχομεν”
1198 2527 1306 2577 αρα
1325 2505 1430 2578 ἤδη
1443 2548 1459 2578 ,
1490 2511 1633 2572 τίνες
1653 2508 1794 2564 εἰσὶν

115 2589 170 2642 οἱ
183 2593 361 2659 φίλοι·
383 2585 412 2644 ὁ
442 2586 552 2660 γὰρ
584 2589 748 2661 λόγος
773 2586 905 2662 ἡμῖν
924 2585 1236 2660 σημαίνει,
1215 2585 1302 2642 ότι
1319 2583 1428 2643 οΐ’“
1391 2609 1464 2643 αν
1488 2607 1624 2644 ωσιν
1644 2586 1785 2660 ἀγα·
1814 2602 1848 2644 E

110 2675 222 2724 θοί.
263 2669 430 2726 Πάνυ
448 2694 539 2743 γε,
563 2677 695 2743 ἔφη,
719 2675 882 2727 δοκεῖ.

253 2757 337 2809 XL
411 2757 521 2811 Καὶ
546 2758 690 2827 ἐμοί,
729 2749 799 2827 ἦν
821 2751 873 2810 δ’
896 2753 1031 2825 ἐγώ·
1069 2758 1246 2810 καίτοι
1279 2757 1620 2823 δυσχεραίνω
1649 2757 1705 2808 τί
1727 2774 1789 2823 γε

113 2839 175 2891 ἐν
203 2832 381 2907 αὐτῷ·
429 2841 562 2908 φέρε
589 2830 723 2908 οὖν,
766 2830 811 2892 ὦ
839 2834 981 2905 πρὸς
1009 2837 1176 2907 Διός,
1212 2840 1418 2908 ἴδωμεν
1449 2842 1505 2892 τί
1528 2837 1617 2892 καὶ
1647 2833 1788 2891 ὑπο-
