2020 3094
226 67 327 120 126
818 72 1296 120 ΠΛΑΤΩΝΟΣ
1843 79 1901 126 38
1982 0 2020 139 Ἦ

230 203 486 273 Οὔκουν,
526 211 580 260 εἴ
592 225 652 274 γε
673 203 808 275 ἐγώ,
848 209 979 276 ἔφη,
1021 207 1360 277 παρέρχομαι
1377 207 1439 262 ἐν
1467 217 1580 272 τοῖς
1609 212 1896 278 χαλκείοις,

227 284 364 342 ἄλλα
387 286 747 390 φθεγγόμενα
777 288 867 342 καὶ
885 292 1106 358 βοῶντα
1136 288 1396 358 μέγιστον
1416 287 1479 344 τὰ
1503 289 1724 361 σιδήρια
1742 292 1898 360 λέγε-

226 391 339 438 ται,
372 368 470 425 ε’άν
489 391 568 433 τις
588 367 817 470 ἅψηται·
858 367 996 424 ω’στε
1018 376 1180 424 τοῦτο
1213 370 1314 440 μὲν
1343 367 1450 425 ὑπὸ
1474 376 1671 442 σοφίας
1701 374 1898 468 ἔλαθες

226 449 393 507 οὐδὲν
413 450 599 506 εἰπεόν.
641 448 756 506 ἀλλ’
777 454 854 505 ἔτι
873 472 966 522 μοι
986 450 1045 506 τὸ
1066 452 1257 521 ἕτερον
1277 450 1690 523 ἐπιδείξατον,”
1656 473 1805 517 οπως
1824 454 1895 507 αύ

162 546 198 588 {3
229 537 340 590 ἔστι
360 535 592 604 λε’γοντα
614 539 793 606 σιγᾷν.
851 538 947 588 καί
973 555 1066 604 μοι
1086 533 1260 589 ἐδόκει
1282 533 1674 608 ὑπεραγωνιᾷν
1693 532 1721 590 6
1743 535 1896 604 Κτηο

228 634 427 681 σιππος
455 614 545 670 διὰ
573 613 638 670 τὰ
670 615 908 671 παιδικά.
955 615 1124 672 Ὅταν
1143 624 1326 690 σιγᾷς,
1360 621 1464 689 ἔφη
1486 618 1514 673 6
1534 615 1894 688 Εὐθύδημος,

226 696 295 753 οὐ
315 696 493 753 πάντα
513 703 699 771 σιγᾷς;
726 698 959 770 Ἔγωγε,
981 693 1016 770 ἧ
1038 698 1091 754 δ’
1114 697 1189 764 ὅς.
1251 698 1483 756 Οὐκοῦν
1503 702 1593 755 καὶ
1615 698 1681 754 τοὶ
1703 704 1895 769 λε’γον-

226 802 291 835 τα
322 785 506 852 σιγᾷς,
546 787 699 849 εἰπερ
722 787 834 836 τῶν
865 779 1128 836 ἁπάντων
1158 784 1269 838 ἐστὶ
1304 779 1369 837 τὰ
1408 784 1654 851 λέγοντα.
1716 787 1784 837 Τί
1808 784 1894 847 δε’;

225 866 330 932 ἔφη
351 860 380 916 ὁ
402 861 748 932 Κτήσιππος,
770 861 839 918 οὐ
860 870 988 937 σιγᾷ
1008 863 1212 930 πάν.τα;
1255 862 1341 919 Οὐ
1361 864 1567 935 δήπου,
1601 868 1706 935 ἔφη
1726 861 1754 918 ὁ
1777 862 1895 919 Εὐ-

223 941 491 1013 θύδημος.
535 940 672 998 Ἀλλ’
694 942 802 1012 ἄρα
816 986 828 1012 ,
863 937 907 999 ὦ
925 948 1170 1016 βέλτιστε
1185 988 1199 1015 ,
1231 949 1374 1015 λε’γει
1395 944 1460 999 τα
1482 944 1686 1009 πάντας
1731 943 1810 999 Τά
1832 966 1893 1015 γε

225 1025 408 1123 δήπου
428 1027 676 1094 λε’.γοντα
728 1025 917 1097 Ἀλλά,
955 1030 988 1098 ἡ
1015 1025 1064 1082 δ’
1090 1026 1173 1098 ὅς,
1214 1026 1283 1082 οὐ
1304 1032 1466 1082 τοῦτο
1501 1030 1715 1095 ἐρωτω,
1755 1024 1892 1081 ἀλλα

223 1129 288 1162 τα
320 1106 499 1161 πάντα
529 1113 658 1180 σιγᾷ
686 1103 721 1177 ἦ
760 1110 931 1178 λέγεις
989 1107 1267 1178 Οὐδέτερα
1306 1111 1396 1164 καὶ
1432 1107 1747 1180 άμφότερα,
1787 1111 1892 1177 ἔφη

160 1205 194 1245 D
227 1185 561 1260 ὑφαρπάσας
580 1186 608 1244 6
631 1189 1083 1260 Διονυσόδωρος
1124 1184 1188 1246 εὖ
1205 1189 1311 1263 γὰρ
1332 1189 1496 1246 οἷδα’”
1474 1189 1558 1246 ότι
1576 1197 1643 1263 τῇ
1663 1187 1894 1259 ἀποκρί-

225 1287 307 1327 σει
326 1269 427 1342 οὕχ
455 1270 643 1337 «ξ”ξεις’
609 1294 638 1328 ο
663 1294 713 1327 τι
741 1279 861 1345 χρῇ.
915 1271 1058 1330 uaz‘
1035 1297 1063 1330 ο
1085 1273 1431 1346 Κτήσιππος,
1473 1271 1657 1344 ὥσπερ
1688 1271 1891 1341 εἰώθει,

223 1358 360 1424 με’γα
381 1353 531 1409 πάνυ
553 1352 964 1427 ἀνακαγχάσας,
995 1350 1060 1411 Ὦ
1079 1353 1418 1427 Εὐθύδημε,
1450 1359 1584 1426 ἔφη,
1605 1352 1633 1411 ὁ
1656 1351 1895 1423 ἀδελφός

225 1452 329 1491 σου
349 1437 737 1507 ἐξημφοτέρικε
756 1437 856 1493 τὸν
874 1437 1061 1509 λόγον,
1084 1439 1175 1494 καὶ
1196 1437 1450 1492 ἀπόλωλέ
1465 1458 1522 1492 τε
1542 1438 1631 1491 καὶ
1650 1433 1891 1507 ἥττηται.

224 1518 314 1573 καὶ
336 1514 364 1572 6
384 1522 643 1583 Κλεινίας
664 1519 815 1574 πάνυ
833 1517 983 1591 ἥσθη
1005 1522 1093 1574 καὶ
1112 1521 1370 1590 ἐγέλασεν
1384 1562 1398 1587 ,
1433 1517 1569 1573 ὥστε
1591 1515 1620 1574 6
1641 1517 1889 1588 Κτήσιπ-

224 1620 327 1665 πος
346 1601 558 1669 ἐγένετο
580 1607 768 1657 πλεῖον
788 1597 824 1673 ἢ
846 1601 1236 1667 δεκαπλάσιος·
1280 1598 1307 1657 6
1332 1604 1394 1656 δέ
1421 1622 1540 1672 μοι,
1579 1606 1895 1669 πανοῦργος

226 1679 332 1753 ὤν,
364 1679 392 1737 ὁ
413 1682 751 1753 Κτήσιππος,
773 1683 898 1756 παρ’
919 1682 1107 1740 αὐτῶν
1128 1684 1343 1740 τούτων
1363 1681 1503 1738 αὐτὰ
1523 1688 1694 1737 ταῦτα
1716 1701 1893 1750 παρα-

224 1764 436 1835 κηκόει·
487 1763 555 1820 οὐ
575 1765 681 1836 γάρ
702 1769 849 1823 ἐστιν
869 1765 1058 1823 ἄλλων
1086 1767 1309 1837 τοιαύτη
1334 1770 1504 1836 σοφία
1535 1770 1646 1819 τῶν
1668 1768 1774 1818 νῦν
1793 1759 1895 1817 άν-

222 1846 484 1918 θρώπων.

158 1938 193 1978 Ε
364 1934 568 1987 xxvn.
618 1927 789 2000 Κάγώ
813 1929 985 2000 εἷπον,
1006 1935 1267 2002 Τιγελᾷς,
1289 1921 1589 1998 ὥΚλεινια,
1610 1928 1698 1983 ἐπὶ
1718 1943 1896 1982 σπου-

223 2015 398 2077 δαίοις
417 2011 563 2068 οὕτω
584 2012 865 2084 πράγμασι
886 2013 975 2068 καὶ
996 2019 1207 2077 καλοῖς·
1195 2053 1209 2078 ,
1248 2013 1338 2066 Σύ
1357 2009 1461 2081 γὰρ
1482 2009 1587 2082 ἤδη
1605 2032 1656 2065 τι
1675 2008 1894 2065 πώποτε

222 2093 388 2166 εἶδες,
428 2118 470 2151 ω
493 2097 817 2167 Σώκρατες,
856 2094 1029 2151 καλὸν
1060 2116 1314 2166 πραγμα;
1354 2098 1456 2165 ἔφη
1478 2091 1505 2148 ὁ
1529 2090 1894 2148 Διονυσόδω-

224 2198 333 2248 ρος.
375 2177 610 2249 Ἔγωγε,
632 2184 793 2251 ἔφην,
817 2181 906 2235 καὶ
926 2179 1101 2235 πολλά
1106 2200 1209 2280 γε,
1243 2201 1283 2234 ω
1265 2172 1716 2247 '‘Acovvo‘ddcops.
1765 2166 1895 2244 Αρα

110 2274 192 2318 301
223 2259 380 2330 ε’τερα
401 2258 537 2315 ὄντα
555 2267 658 2316 τοῦ
677 2268 878 2331 καλοῦ,
921 2267 1054 2333 ἔφη,
1093 2259 1129 2333 ἢ
1150 2259 1322 2316 ταύτα
1336 2267 1419 2334 τῷ
1437 2263 1614 2334 καλῷ·
1601 2299 1616 2325 ,
1664 2253 1815 2327 καγώ
1836 2258 1895 2310 ἐν

224 2343 388 2399 παντὶ
411 2343 680 2415 ἐγενόμην
699 2342 808 2399 ὑπὸ
833 2342 1081 2416 ἀπορίας,
1103 2346 1193 2401 καὶ
1212 2342 1464 2416 ἡγούμην
1486 2347 1666 2398 δίκαια
1686 2359 1894 2394 πεπον-

223 2428 386 2480 θέναι
400 2467 415 2496 ,
447 2422 530 2480 ὅτι
550 2431 778 2498 ἔγρυξα,
809 2426 956 2499 ὅμως
976 2427 1034 2484 δὲ
1054 2429 1209 2499 ἕτερα
1238 2431 1382 2498 ἔφην
1402 2423 1574 2480 αὐτοῦ
1593 2445 1654 2494 γε
1672 2429 1773 2477 τοῦ
1793 2443 1895 2476 κα-
1925 2479 1931 2483 ,

227 2514 351 2564 λοῦ·
395 2508 623 2577 πάρεστι
641 2512 830 2578 μέντοι
850 2511 1059 2583 ἑκάστῳ
1081 2508 1269 2565 αὐτῶν
1289 2508 1487 2572 κάλλος
1507 2530 1570 2562 τι.
1624 2503 1749 2561 Ἐάν
1770 2499 1891 2574 οὖν,

225 2596 349 2661 ἔφη,
372 2594 750 2663 παραγένηταί
764 2610 851 2647 σοι
869 2597 1034 2663 βοῦς,
1074 2598 1209 2664 βοῦς
1229 2591 1301 2662 εἶ,
1341 2591 1429 2645 καὶ
1449 2587 1530 2644 ὅτι
1551 2594 1659 2643 νῦν
1678 2586 1785 2657 ἐγω
1807 2604 1894 2640 σοι

225 2674 477 2744 πάρειμι,
525 2674 955 2742 Διονυσόδωρος
986 2673 1059 2741 εἷς
1113 2673 1368 2775 Εὐφήμει
1401 2668 1563 2726 τοῦτό
1600 2691 1661 2740 γε
1677 2711 1690 2738 ,
1729 2661 1797 2739 ἦν
1840 2666 1891 2722 δ’

220 2756 344 2826 ἐγώ.
379 2754 539 2812 Ἀλλα
564 2762 685 2812 τίνα
705 2757 941 2828 τρόπον,
972 2762 1076 2828 ἔφη
1091 2798 1105 2826 ,
1127 2757 1315 2825 ἑτέρου
1334 2756 1494 2826 ἑτέρῳ
1516 2752 1893 2823 παραγενομέ-

2012 1438 2020 1483 i

2011 2605 2020 2656 s}

2013 2663 2020 2703 ὲ
