1962 3112
36 94 47 99 ⁴
111 99 171 172 *99
623 82 629 87 ’
749 117 1121 166 ΓοΡιἿΑΣ
1436 119 1444 124 ·
1694 113 1796 166 297

254 257 381 309 ΣΩ.
418 256 492 308 Εἰ
509 245 616 307 οὖν
635 256 1059 322 παρεκαλοῦμεν
1078 247 1369 320 ἀλλήλους,
1393 271 1434 304 ω
1458 254 1795 332 Καλλίκλεις,

114 339 350 407 δημοσίᾳ
371 333 673 405 πράξοντες
691 338 806 389 τῶν
826 338 1128 388 πολιτικῶν
1157 328 1499 401 πραγμάτων
1518 330 1604 386 ἐπὶ
1623 328 1688 386 τὰ
1709 335 1793 386 οἰ-

110 415 407 487 κοδομικά,
444 411 483 486 ἦ
511 421 706 485 τειχῶν
733 409 770 485 ἦ
798 418 1047 485 νεωρίων
1074 409 1110 483 ἢ
1142 416 1310 482 ιερῶν
1344 413 1431 468 ἐπι
1469 410 1536 468 τά
1567 415 1793 484 μέγιστα

112 497 550 568 οἰκοδομήματα,
590 496 829 564 πότερον
860 499 971 550 ἔδει
1007 517 1079 550 αν
1114 494 1259 566 ἡμᾶς
1299 495 1611 561 σκέψασθαι
1647 492 1793 567 ἡμᾶς

109 578 315 645 αὐτοὺς
350 581 441 635 καὶ
476 578 749 648 ἐξετάσαι,
806 597 1030 649 πρωτον
1075 578 1177 647 μὲν
1226 581 1275 632 εί
1309 575 1650 646 ἐπιστάμεθα
1685 575 1789 649 τὴν
1820 593 1858 633 Β

121 667 308 734 ’έχνην
326 658 363 733 ἧ
382 660 486 716 οὐκ
506 661 867 732 ἐπιστάμεθα,
888 658 991 731 τὴν
1011 660 1388 732 οἰκοδομικήν,
1412 660 1503 716 καὶ
1522 657 1671 731 παρὰ
1690 666 1795 716 τοῦ

115 744 423 815 ε’μάθομενς
457 747 567 799 ἔδει
585 739 658 799 ἀν
675 739 712 815 ἢ
733 740 806 798 οὔ
818 767 832 809 ;

246 831 419 881 KAA.
454 826 620 881 Πάνυ
638 847 718 895 γε.

0 941 4 960 t
248 913 373 964 ΣΩ.
415 906 646 963 Οὐκοῦν
666 907 931 977 δεύτερον
943 899 1017 960 αὖ
1034 905 1180 975 τόδε,
1196 912 1312 960 εἴτι
1331 904 1551 961 πώποτε
1567 904 1789 961 οἰκοδό-

0 980 17 1031 '⁵'
114 1011 260 1061 ιημα
289 986 724 1062 ᾦκοδομήκαμεν
755 991 866 1061 ἰδίᾳ
895 983 933 1059 ἦ
965 994 1078 1043 τῶν
1108 993 1289 1056 φίλων
1319 988 1427 1042 τινὶ
1458 982 1496 1059 ἦ
1522 984 1790 1058 ἡμέτερον

113 1068 311 1141 αὐτῶν,
326 1072 416 1125 καὶ
430 1076 595 1126 τοῦτο
615 1068 676 1125 τὸ
691 1069 1032 1140 οἰκοδόμημα
1054 1066 1230 1124 καλὸν
1247 1064 1284 1139 ἢ
1296 1068 1529 1139 αἰσχρόν
1548 1071 1677 1125 ἐστι·
1697 1072 1788 1132 καὶ

108 1157 157 1209 εἰ
190 1155 292 1224 μὲν
328 1152 661 1225 εὑρίσκομεν
708 1155 1087 1225 σκοπούμενοι
1134 1153 1501 1219 διδασκάλους
1537 1175 1595 1208 τε
1630 1151 1786 1226 ἡμῶν

106 1233 358 1305 ἀγαθοὺς
369 1239 460 1291 καὶ
475 1238 798 1308 ἐλλογίμους
813 1236 1110 1307 γεγονότας
1122 1237 1212 1292 καὶ
1225 1236 1635 1308 οἰκοδομήματα
1648 1245 1784 1295 πολ-
1816 1252 1851 1295 C

21 1360 24 1362 -
110 1314 172 1374 ἰὰ
193 1317 298 1388 μὲν
312 1319 402 1372 καὶ
421 1316 559 1374 καλοὶ
581 1317 842 1389 μετὰτῶν
857 1318 1204 1374 διδασκάλων
1218 1315 1615 1391 ᾠκοδομημένα
1634 1318 1783 1392 ἡμῖν,

105 1396 280 1454 πολλὰ
301 1397 360 1454 δὲ
377 1401 468 1455 καὶ
486 1398 576 1455 διὰ
598 1398 786 1472 ἡμῶν,
820 1398 1009 1470 ἐπειδὴ
1032 1406 1147 1455 τοῖν
1167 1401 1515 1456 διδασκάλων
1535 1399 1786 1472 ἀπηλλά-

104 1501 308 1551 γημεν,
345 1479 492 1536 οὕτω
522 1485 623 1552 μὲν
644 1483 1012 1552 διακειμένων
1030 1487 1174 1538 νοῦν
1201 1481 1442 1551 ἐχόντων
1461 1476 1533 1554 ἦν
1550 1479 1622 1538 ἂν
1646 1485 1787 1540 ἰέναι

105 1562 193 1617 ἐπὶ
210 1559 276 1616 τὰ
299 1560 533 1632 δημόσια
552 1567 684 1633 ἔργα
700 1584 710 1595 ’
733 1567 784 1619 εί
800 1562 860 1619 δὲ
880 1562 1014 1634 μήτε
1035 1562 1372 1618 διδάσκαλον
1393 1570 1607 1634 εἴχομεν
1626 1561 1787 1635 ἡμῶν

105 1640 295 1699 αὐτῶν
324 1645 582 1709 ἐπιδεῖξαι
617 1644 1031 1716 οἰκοδομήματά
1060 1665 1118 1699 τε
1147 1640 1184 1715 ἦ
1212 1644 1383 1716 μηδὲν
1414 1642 1450 1716 ἢ
1489 1646 1665 1702 πολλὰ
1697 1648 1788 1702 καὶ

35 1730 43 1736 ’
108 1723 347 1798 μηδενὸς
367 1724 519 1797 ἄξια,
551 1726 698 1783 οὕτω
722 1726 788 1798 δὴ
811 1725 1052 1799 ἀνόητον
1068 1722 1143 1799 ἦν
1166 1728 1350 1799 δήπου
1369 1730 1660 1802 ἐπιχειρεῖν
1675 1741 1789 1796 τοῖς

108 1812 390 1880 δημοσίοις
407 1812 589 1879 ἔργοις
608 1811 698 1865 καὶ
718 1817 1059 1881 παρακαλεῖν
1078 1809 1351 1882 ἀλλήλους
1371 1808 1448 1866 ἐπ’
1466 1810 1622 1867 αὐτά.
1664 1820 1778 1883 φῶ»

105 1912 210 1963 μεν
224 1896 397 1946 ταῦτα
415 1887 603 1960 ὀρθαῖς
621 1895 884 1962 λέγεσθαι
901 1889 937 1963 ἦ
957 1891 1030 1948 οὔ
1039 1918 1054 1961 3
1819 1915 1853 1956 ι)
1872 1916 1876 1923 ·

248 1979 419 2030 ΚΑΛ.
459 1974 626 2029 Πάνυ
644 1997 721 2045 γε.

249 2062 404 2112 Lxx.
479 2061 604 2112 ΣΩ.
656 2054 889 2113 Οὐκοῦν
918 2056 1065 2113 οὕτω
1097 2056 1296 2128 πάντα,
1328 2059 1395 2113 τά
1415 2080 1472 2114 τε
1494 2056 1661 2129 ἄλλα,
1683 2057 1791 2116 κάν

110 2144 162 2195 εί
186 2137 628 2209 ἐπιχειρήσαντες
667 2139 1020 2210 δημοσιεύειν
1056 2146 1480 2212 παρεκαλοῦμεν
1517 2140 1791 2214 ἀλλήλους

109 2219 184 2287 ὥς
203 2223 383 2277 ἱκανοὶ
415 2223 590 2291 ἰατροὶ
610 2220 793 2290 ὄντες,
832 2221 1259 2294 ἐπεσκεψάμεθα
1289 2224 1473 2294 δήπου
1503 2221 1575 2280 ἀν
1605 2226 1712 2296 ἐγώ
1731 2248 1790 2282 τε

107 2305 170 2362 σε
186 2306 277 2359 καὶ
295 2301 367 2358 σύ
387 2305 506 2374 ἐμέ,
530 2305 662 2374 φέρε
682 2302 822 2374 πρὸς
839 2310 1012 2375 θεῶν,
1028 2304 1197 2371 αὐτὸς
1216 2309 1275 2361 δὲ
1295 2304 1322 2362 ὁ
1345 2308 1653 2380 Σωκράτης
1675 2315 1791 2376 πῶς

108 2390 218 2459 ἔχει
230 2384 293 2442 τὰ
316 2393 475 2456 σῶμα
506 2385 644 2454 πρὸς
674 2383 914 2456 ὑγίειαν;
950 2383 986 2458 ἦ
1015 2385 1122 2458 ἤδη
1151 2410 1231 2453 τις
1249 2387 1415 2454 ἀλλος
1438 2390 1527 2445 διά
1548 2393 1792 2461 Σωκρά-

108 2489 212 2539 την
237 2465 525 2538 ἀπηλλάγη
558 2467 759 2539 νόσου,
797 2464 834 2538 ἦ
863 2472 1063 2535 δοῦλος
1090 2467 1127 2542 ἦ
1157 2470 1478 2543 έλεύθερος;
1529 2472 1635 2529 κᾶν
1665 2474 1790 2547 ἐγώ,

111 2547 287 2622 οἶμαι,
308 2553 432 2621 περὶ
453 2557 559 2606 σοῦ
579 2553 736 2621 ἕτερα
755 2558 985 2607 τοιαῦτα
1004 2553 1281 2610 ἐσκόπουν
1295 2575 1307 2587 ·
1350 2557 1440 2611 καὶ
1460 2561 1513 2612 εἰ
1538 2555 1613 2628 μὴ
1635 2555 1791 2655 εὑρί-

50 2654 55 2661 ’
111 2649 320 2703 σκομεν
337 2630 401 2689 δι’
422 2631 565 2705 ἡμᾶς
594 2637 803 2704 μηδένα
834 2639 1029 2706 βελτίω
1058 2635 1329 2707 γεγονότα
1347 2635 1408 2692 τὸ
1431 2645 1614 2710 σωμα,
1653 2641 1787 2713 μήτε
1823 2654 1855 2695 Ε

110 2735 224 2770 των
254 2718 428 2781 ξένων
456 2722 590 2788 μήτε
621 2724 736 2773 τῶν
765 2717 979 2789 α’στῶν,
1017 2718 1152 2790 μήτε
1183 2718 1361 2790 ἄνδρα
1381 2721 1515 2792 μήτε
1534 2736 1788 2791 γυναῖκα,

108 2795 248 2863 πρὸς
267 2795 420 2866 Διός,
443 2819 485 2853 ω
504 2803 846 2871 Καλλίκλεις,
870 2798 937 2856 οὐ
958 2799 1422 2873 καταγέλαστον”
1385 2826 1459 2860 αν
1478 2798 1550 2876 ἦν
1569 2813 1636 2878 τῇ
1658 2805 1795 2878 ἀλη-
