1962 3112
1128 0 1269 39 ww<
1270 0 1402 30 ¹2*qu
1394 0 1751 34 Wfflffssmww
1746 0 1962 44 ,vm

362 42 413 54 κ,

138 64 245 118 356
621 36 624 39 “
753 69 927 117 ΠΛΑ
945 68 1228 120 ΤῼΝΟΣ
1733 84 1817 130 158

279 207 349 256 Μ
354 209 467 258 ΕΝ
520 207 780 258 Φαίνεται
799 200 990 267 οὕτως.

280 290 403 339 ΣΩ.
457 283 643 355 Ἀρετὴ
667 284 774 353 ἄρα
793 281 895 339 οὐκ
915 280 987 338 ὀίν
1008 293 1089 355 εἴη
1112 260 1396 352 διδακτόν;

79 374 115 416 D
283 371 468 421 MEN.
530 365 649 421 Οὐκ
680 371 886 436 ἔοικεν,
918 373 1068 435 εἴπερ
1104 364 1291 438 ὀρθῶς
1317 366 1467 440 ἡμεῖς
1486 372 1810 443 ἐσκέμμεθα

140 444 278 501 ὥστε
307 450 396 502 καὶ
424 447 691 517 θαυμάζω
724 448 792 518 δή
807 490 822 516 ,
863 450 904 502 ῶ
936 448 1256 519 Σώκρατες,
1277 451 1516 523 πότερόν
1535 473 1664 509 ποτε
1683 451 1808 510 οὐδ’

139 530 276 583 εἰσὶν
307 527 510 598 ἀγαθοὶ
538 529 765 601 ἄνδρες,
804 524 838 599 ἦ
879 535 958 594 τίς
987 525 1058 585 ἄν
1083 539 1163 601 εἴη
1194 531 1398 603 τρόπος
1426 540 1522 603 τῆς
1549 537 1811 604 γενέσεως

138 618 252 665 τῶν
269 610 505 681 ἀγαθῶν
524 616 882 682 γιγνομένων.

279 699 404 748 ΣΩ.
458 694 908 763 Κινδυνεύομεν,
933 686 977 748 ῶ
999 697 1232 763 Μένων,
1255 695 1361 764 ἐγῶ
1383 717 1440 750 τε
1459 698 1550 751 καὶ
1571 695 1640 750 σύ
1661 704 1812 766 φαῦ-

139 780 229 830 λοί
243 796 389 839 τινες
418 774 560 830 εἶναι
594 775 816 845 ἄνδρες,
854 777 945 831 καὶ
965 779 1028 831 σέ
1043 797 1100 831 τε
1115 781 1351 846 Γοργίας
1371 775 1470 846 οὐχ
1490 781 1693 841 ἱκανῶς
1712 798 1811 832 πε-

137 859 490 911 παιδευκέναι
519 859 610 912 καὶ
628 860 721 927 ἐμὲ
737 858 1030 927 Πρόδικος.
1056 857 1261 922 παντὸς
1287 865 1500 928 μᾶλλον
1521 853 1624 914 οὖν
1643 879 1811 928 προς-

138 940 325 992 εκτέον
354 936 453 992 τὸν
483 943 626 992 νοῦν
650 936 783 1008 ἡμῖν
814 938 1027 1009 αὐτοῖς,
1070 943 1160 995 καὶ
1200 944 1453 1012 ζητητέον
1487 940 1635 1005 ὅστις
1670 940 1811 1012 ἡμᾶς

79 1028 109 1068 Ε
142 1021 230 1074 ἑνί
241 1022 308 1088 γέ
329 1041 403 1092 τῳ
434 1021 620 1119 τρόπῳ
640 1026 891 1091 βελτίους
910 1022 1126 1092 ποιήσει
1147 1056 1209 1062 -
1236 1023 1376 1092 λέγω
1397 1021 1455 1077 δὲ
1478 1029 1649 1077 ταῦτα
1670 1021 1807 1076 ἀπο-
1844 1062 1846 1064 -

139 1103 347 1171 βλέψας
376 1100 514 1171 πρὸς
542 1100 643 1172 τὴν
674 1102 796 1174 ἄρτι
824 1103 1073 1173 ζήτησιν,
1115 1101 1188 1168 ῶς
1218 1101 1363 1174 ἡμας
1391 1109 1558 1159 ἔλαθε
1577 1126 1806 1174 καταγε-

138 1180 365 1252 λαστως,
395 1182 479 1236 ὅτι
508 1181 575 1237 οὐ
595 1184 772 1254 μόνον
794 1185 1089 1255 ἐπιστήμης
1107 1183 1418 1257 ἡγουμένης
1438 1185 1626 1255 ὀρθῶς
1642 1208 1700 1241 τε
1719 1191 1808 1241 καὶ

139 1267 203 1319 εὐ
232 1277 346 1328 τοῖς
376 1263 701 1335 ἀνθρώποις
719 1268 1011 1337 πράττεται
1031 1267 1095 1323 τὰ
1117 1288 1406 1339 πραγματα
1425 1303 1496 1313 —-
1514 1266 1550 1340 ἦ
1572 1278 1702 1335 ἰσως
1721 1271 1808 1324 καὶ

137 1347 462 1417 διαφεύγειν
491 1345 636 1418 ἡμᾶς
666 1346 727 1402 τὸ
759 1356 987 1420 γνῶναι,
1009 1355 1129 1404 τίνα
1149 1351 1279 1405 ποτε
1304 1351 1513 1419 τρόπον
1528 1357 1808 1421 γιγνονται

136 1432 192 1483 οἱ
209 1426 413 1498 αγαθοὶ
439 1428 652 1497 ἄνδρες.
1520 1482 1524 1483 ⁷

275 1516 460 1566 MEN.
513 1517 646 1575 Πῶς
664 1519 827 1567 τοῦτο
849 1514 1047 1583 λέγεις,
1068 1506 1112 1567 ῶ
1114 1513 1449 1614 Σῶκρατες;

274 1597 552 1648 XXXVIII.
625 1598 748 1647 ΣΩ.
794 1585 946 1647 Ὡδε·
967 1593 1051 1648 ὅτι
1070 1616 1171 1664 μεν
1191 1592 1322 1658 τοὺς
1337 1592 1585 1663 αγαθούς
1605 1593 1810 1666 ἄνδρας

137 1675 223 1727 δεῖ
241 1669 556 1742 ῶφελίμους
576 1671 744 1758 εἶναιη,
774 1674 964 1772 ὀρθῶς
985 1672 1413 1746 ὡμολογήκαμεν
1431 1676 1596 1732 τοῦτο’
1615 1698 1703 1746 γε,
1727 1675 1811 1732 ὅτι

52 1764 107 1810 97
137 1751 239 1807 οὐκ
259 1750 331 1808 ὀίν
350 1753 529 1819 αλλως
549 1759 681 1824 ἔχοι·
703 1749 741 1826 ἦ
758 1758 892 1825 γάρ·
880 1799 894 1823 ,

280 1841 462 1892 MEN.
518 1842 647 1891 Ναί.

274 1923 399 1972 ΣΩ.
458 1918 620 1973 Καὶ
598 1918 684 1974 ότι
715 1941 777 1988 γε
807 1918 1072 1989 ὠφέλιμοι
1102 1925 1342 1989 ἔσονται,
1382 1915 1453 1973 ὀὶν
1474 1916 1661 1988 ὀρθῶς
1679 1917 1807 1990 ἡμῖν

132 1995 375 2069 ἡγῶνται
403 2006 516 2055 τῶν
545 2002 910 2072 πραγμάτων,
949 2003 1039 2056 καὶ
1068 2001 1235 2055 τοῦτό
1266 2020 1375 2055 που
1393 2007 1573 2064 καλῶς
1594 1998 1807 2070 ῶμολο-

133 2086 371 2151 νοῦμεν;

271 2169 458 2220 ΜΕΝ.
512 2170 640 2219 Ναί.

271 2254 396 2303 ΣΩ.
441 2247 559 2304 Ὅτι
579 2249 630 2304 δ’
653 2247 756 2305 οὐκ
778 2253 926 2304 ἔστιν
945 2247 1131 2320 ὀρθῶς
1150 2247 1433 2319 ἡγεῖσθαι,
1455 2250 1553 2304 ἐὰν
1571 2247 1644 2319 μὴ
1667 2248 1807 2319 φρό-

130 2352 288 2394 νιιιος
308 2323 373 2402 ᾗ,
394 2337 559 2386 τοῦτο
581 2330 769 2401 ὅμοιοί
782 2334 948 2402 ἐσμεν
966 2330 1067 2386 οὐκ
1087 2329 1273 2399 ὀρθῶς
1295 2330 1724 2402 ῶμολογηκόσιν.

272 2418 460 2468 ΜΕΝ.
514 2419 645 2477 Πῶς
665 2413 730 2484 δὴ
754 2412 944 2481 ὀρθῶς
964 2418 1162 2483 λέγεις;

288 2500 413 2549 ΣΩ.
467 2492 603 2564 Ἐγῶ
634 2497 758 2564 ἐρῶ.
799 2504 957 2560 εἴτις
985 2494 1143 2559 είδῶς
1172 2493 1274 2566 τὴν
1301 2491 1437 2550 ὁδὸν
1464 2492 1569 2564 τὴν
1601 2498 1675 2557 εἰς
1694 2492 1807 2547 Λά-

133 2593 296 2644 ρισαν
323 2571 360 2644 ἦ
389 2574 517 2630 ὅποι
553 2577 750 2646 βούλει
792 2576 991 2632 ἄλλοσε
1029 2581 1238 2648 βαδίζοι
1268 2576 1358 2630 καὶ
1389 2575 1576 2639 ἄλλοις
1602 2570 1807 2646 ἡγοῖτο,

134 2653 269 2710 ἄλλο
290 2678 341 2710 τι
361 2653 550 2724 ὀρθῶς
570 2654 642 2711 ἂν
661 2659 752 2712 καὶ
773 2653 837 2712 εὖ
857 2657 1073 2728 ἡγοῖτο;

275 2742 461 2792 ΜΕΝ.
519 2739 685 2792 Πάνυ
703 2760 780 2806 γε.
