1962 3112
155 1041 268 1083 StJI.

185 1129 241 1206 τό

917 409 1287 481 ΜΕΝΩΝ

613 530 680 616 [ἦ
721 538 848 613 περὶ
885 532 1114 615 ἀρετ-ῆς·
1161 533 1572 615 πειραστικός]

586 731 674 778 TA
714 731 853 779 ΤΟΥ
883 733 1257 780 ΔΙΑΛΟΓΟΥ
1286 729 1630 778 ΠΡΟΣΩΠΑ

330 826 657 897 ΜΕΝΩΝ,
702 828 1167 897 ΣΩΚΡΑΤΗΣ,
1213 828 1407 882 ΠΑΙΣ
1450 823 1874 896 ΜΕΝΩΝΟΣ,

938 926 1281 980 ΑΝΤΤΟΣ.

407 1157 444 1204 1.
502 1140 698 1221 ”Εχεις
725 1172 818 1220 μοι
846 1155 1044 1220 εἰπεῖν,
1084 1144 1130 1206 ὦ
1156 1152 1476 1222 Σώκρατες,
1498 1143 1606 1219 ἆρα
1625 1152 1883 1204 διδακτον
1903 1171 1934 1220 η

268 1230 462 1304 οΞρετή;
482 1230 518 1304 ἢ
539 1231 608 1290 οὐ
629 1232 888 1290 διδακτὸν
911 1233 1030 1289 ἀλλ’
1056 1233 1326 1306 ἀσκητόνς
1346 1231 1382 1306 ἦ
1402 1232 1529 1289 οὔτε
1551 1228 1792 1302 ἀσκητόν
1813 1230 1939 1285 οὔτε

267 1315 552 1386 μαθητόν,
590 1314 729 1372 ἄλλα
759 1315 927 1386 φύσει
967 1323 1358 1388 παραγίγνεται
1394 1328 1508 1381 τοῖς
1549 1313 1870 1383 ἀνθρώποις
1905 1310 1938 1383 ἢ

266 1394 415 1469 ἄλλῳ
435 1399 544 1453 τινὶ
562 1398 776 1471 τρόπεως

409 1485 534 1534 Σῼ.
581 1475 647 1535 Ὦ
677 1484 912 1550 Μένων,
953 1480 1058 1554 πρὸ
1089 1487 1189 1536 τοῦ
1229 1481 1330 1551 μὲν
1362 1481 1621 1536 Θετταλοὶ
1660 1476 1940 1547 εὐδόκιμοι

268 1555 410 1630 ἦσαν
442 1564 503 1616 ἐν
530 1573 642 1626 τοῖς
666 1560 888 1633 ”Ελλησι
915 1565 1007 1618 καὶ
1035 1564 1414 1634 ἐθαυμάζοντο
1445 1561 1534 1632 ἐφ’
1560 1565 1756 1632 ἱππικῇ
1772 1582 1829 1615 τε
1849 1560 1941 1614 καὶ

267 1643 519 1715 πλούτῳ,
560 1651 668 1698 νῦν
697 1647 783 1714 δέ,
823 1642 895 1709 ὡς
913 1646 1030 1716 ἐμοὶ
1051 1650 1222 1714 δοκεῖ,
1260 1647 1351 1700 καὶ
1379 1647 1464 1700 ἐπὶ
1484 1649 1680 1715 σοφίᾳ,
1722 1643 1811 1696 καὶ
1840 1641 1940 1710 οὐχ

267 1723 463 1794 ἥκιστα
507 1729 564 1780 oc
597 1732 699 1780 τοῦ
736 1733 841 1781 σοῦ
882 1730 1101 1797 ἑταίρου
1136 1727 1485 1797 Ἀριστίππου
1519 1734 1732 1781 πολῖται
1767 1730 1940 1793 Λαρι*

268 1815 426 1862 σαῖοι.
468 1807 669 1862 τούτου
700 1809 758 1864 δὲ
786 1806 919 1878 ὑμῖν
946 1808 1117 1874 αἴτιός
1157 1812 1269 1865 ἐστι
1304 1814 1566 1880 Γοργίας·
1606 1807 1941 1879 ἀφικόμενος

267 1909 373 1957 γαρ
404 1893 479 1952 εἰς
506 1888 607 1959 τὴν
639 1889 803 1944 πόλιν
832 1891 1061 1958 ἐραστας
1089 1892 1174 1945 ἐπὶ
1203 1897 1372 1963 σοφίᾳ
1391 1899 1617 1961 εἴληφεν
1632 1889 1941 1945 Ἀλευαδῶν

267 1990 325 2023 τε
344 1967 475 2033 τοὺς
493 1970 772 2039 πρώτους,
796 1994 876 2026 ων
894 1969 923 2026 ὁ
945 1988 1041 2036 σος
1062 1972 1289 2043 ἐραστής
1309 1977 1455 2028 ἐστιν
1469 1971 1827 2044 Ἀρίστιππος,
1848 1975 1940 2027 καὶ

266 2059 380 2106 τῶν
419 2051 605 2107 ἄλλων
643 2059 960 2108 Θετταλων
998 2055 1089 2108 καὶ
1126 2052 1191 2124 δὴ
1230 2056 1320 2109 καὶ
1355 2061 1519 2109 τοῦτο
1546 2050 1606 2108 τὸ
1639 2058 1770 2116 ἔθος
1799 2050 1941 2122 ὑμᾶς

267 2142 497 2205 εἴθικεν,
519 2133 747 2206 ἀφόβως
766 2157 823 2190 τε
844 2138 932 2191 καὶ
951 2143 1378 2206 μεγαλοπρεπῶς
1398 2134 1816 2205 ἀποκρίνεσθαι,
1839 2135 1940 2190 εὀἱν

266 2221 345 2280 τίς
373 2239 425 2270 τι
452 2221 665 2287 ἔρηται,
707 2215 889 2284 ὥσπερ
921 2215 1066 2281 εἰκὸς
1094 2216 1223 2282 τούς
1260 2217 1494 2288 εἰδότας,
1531 2216 1626 2272 ἅτε
1653 2218 1745 2271 καὶ
1774 2214 1940 2279 αὐτὸς

209 2319 237 2359 C
269 2301 518 2367 παρέχων
550 2296 725 2353 αὑτὸν
749 2302 960 2371 ἐρωτᾷν
988 2304 1101 2354 τῶν
1115 2297 1390 2370 Ἑλλήνων
1408 2323 1482 2355 τω
1502 2301 1820 2371 βουλομένῳ
1838 2294 1870 2352 ὅ
1888 2319 1939 2351 τι

266 2379 339 2434 ἄν
355 2402 435 2443 τις
452 2380 744 2450 βούληται,
781 2382 873 2435 καὶ
901 2379 1126 2435 οὐδενὶ
1106 2381 1212 2436 ότω
1234 2381 1337 2437 οὐκ
1361 2380 1807 2450 αποκρινόμενος.
1847 2382 1936 2433 ε’ν-

266 2461 410 2515 θάδε
429 2463 505 2531 δέ,
533 2464 574 2516 ὦ
595 2467 719 2531 φίλε
738 2465 973 2530 Μένων,
996 2459 1057 2516 τὸ
1079 2464 1331 2518 ἐναντίον
1352 2464 1730 2532 περιέστηκεν·
1752 2459 1935 2530 ω’σπερ

180 2558 233 2604 71
268 2540 477 2611 αὐχμός
506 2564 586 2607 τις
615 2549 711 2613 τῆς
738 2548 937 2612 σοφίας
953 2546 1174 2613 γέγονε,
1214 2546 1304 2598 καὶ
1333 2543 1647 2598 κινδυνεύει
1675 2545 1734 2597 ἐκ
1762 2545 1938 2596 τωνδε

266 2628 379 2676 τῶν
396 2622 585 2678 τόπων
599 2622 730 2691 παρ’
753 2622 896 2694 ὑμᾶς
915 2632 1164 2693 οἴχεσθαι
1182 2622 1215 2694 ἡ
1236 2630 1416 2693 σοφία.
1443 2629 1492 2678 εἰ
1507 2629 1648 2692 γοῦν
1666 2621 1789 2677 τινὰ
1809 2625 1936 2678 ἐθέ-

263 2709 375 2766 λεις
402 2701 579 2767 οὕτως
606 2707 833 2773 ἐρέσθαι
861 2712 974 2760 τῶν
1005 2705 1236 2775 ἐνθάδε,
1279 2702 1459 2768 οὐδεὶς
1499 2702 1645 2767 ὅστις
1676 2703 1743 2758 οὐ
1771 2704 1934 2773 γελά-

266 2800 416 2839 σεται
443 2789 535 2840 καὶ
564 2788 697 2855 ε’ρεῖ·
738 2779 783 2840 02³
813 2788 957 2858 ξένε,
999 2784 1312 2842 κινδυνεύω
1345 2800 1432 2840 σοι
1463 2788 1645 2840 δοκεῖν
1666 2784 1935 2856 μακάριός
