1962 3112
156 141 210 187 ιο
254 123 271 137 “
625 134 940 183 1ΠΠ1ΑΣ
982 131 1346 182 ΜΕΙΖΩΝ.
1723 133 1826 188 381

154 269 327 341 Ζήθῳ
348 266 536 324 δεινόν
555 288 611 323 τε
631 268 722 323 καὶ
742 263 979 323 ἀνόσιον
995 267 1087 322 καὶ
1107 266 1336 337 αἰσχρόν
1366 269 1504 336 ἐστι,
1541 272 1750 325 Πέλοπι
1771 268 1829 326 δὲ

156 353 247 406 καὶ
268 362 380 415 τοῖς
397 349 588 414 ἄλλοις
606 360 719 414 τοῖς
737 346 885 404 οὕτω
909 348 1170 419 γεγονόσι
1190 348 1381 404 καλόν.

291 436 392 488 ΙΠ.
428 431 648 503 Ἔμοιγε
669 434 834 487 δοκεῖ.

294 519 419 569 ΣΩ.
457 515 562 570 Σοὶ
590 517 783 568 τοίνυν
803 515 980 583 δοκεῖ,
1018 511 1214 584 φήσει,
1252 509 1283 568 ὃ
1303 511 1427 583 ἄρτι
1459 511 1563 569 οὐκ
1585 517 1826 586 ἔφησθα,

152 594 214 650 τὸ
243 595 491 662 θάψαντι
519 593 651 659 τούς
680 594 995 664 προγόνους
1022 601 1265 665 ταφῆναι
1294 592 1403 650 ὑπὸ
1434 603 1548 650 τῶν
1580 595 1828 667 ἐκγόνων

153 678 325 733 ἐνίοτε
346 678 435 732 καὶ
455 679 622 742 ἐνίοις
641 676 871 747 αἰσχρὸν
889 675 1053 732 εἶναι·
1094 682 1172 733 ἔτι
1191 680 1508 750 δὲμᾶλλον,
1533 675 1604 743 ὡς
1626 683 1824 750 ἔοικεν,
1860 691 1892 737 c

153 756 435 815 άδύνατον
452 764 587 813 πᾶσι
603 765 766 814 τοῦτο
784 761 1048 829 γενέσθαι
1059 760 1149 814 καὶ
1169 757 1310 814 εἶναι
1330 759 1521 827 καλόν,
1537 757 1676 814 ὥστε
1697 766 1829 815 τοῦ-
1915 776 1918 779 ’

153 840 215 895 τό
235 861 298 911 γε
316 839 501 910 ὥσπερ
522 839 695 896 καὶτὰ
717 845 1039 911 ἔμπροσθεν
1056 843 1238 896 ἐκεῖνα
1251 883 1266 910 ,
1303 840 1342 912 ἥ
1361 862 1417 896 τε
1438 842 1720 909 παρθένος
1738 843 1829 896 καὶ

151 920 404 993 ἡχύτρα,
443 921 648 978 ταύτὸν
676 924 952 992 πέπονθε,
988 923 1078 978 καὶ
1108 926 1185 977 ἔτι
1214 926 1569 994 γελοιοτέρως
1596 936 1707 989 τοῖς
1726 925 1828 994 μέν

154 1009 267 1059 ἐστι
294 1004 500 1075 καλόν,
537 1015 651 1069 τοϊς
681 1001 735 1059 δ’
756 1002 826 1059 οὐ
855 1003 1043 1060 καλόν.
1099 1006 1189 1059 καὶ
1219 1002 1438 1060 οὐδέπω
1459 1005 1549 1061 καὶ
1567 1006 1824 1077 τήμερον,

154 1086 350 1157 φήσει,
389 1081 504 1150 οἶός
522 1081 563 1140 τ’
589 1084 660 1154 εἷ,
696 1078 740 1140 ὦ
758 1086 1085 1156 Σώκρατες,
1125 1088 1248 1155 περὶ
1268 1093 1370 1142 τοῦ
1399 1093 1576 1143 καλοῦ
1596 1085 1628 1143 ὅ
1645 1109 1696 1143 τι
1717 1092 1827 1143 ἔστι

153 1164 213 1222 τὸ
246 1166 605 1238 ἐρωτώμενον
642 1164 1071 1236 ἀποκρίνασθαι.
1126 1168 1300 1223 ταῦτά
1337 1190 1430 1238 μοι
1466 1169 1556 1223 καὶ
1598 1174 1827 1224 τοιαῦτα

151 1247 375 1306 ὀνειδιεῖ
394 1253 635 1319 δικαίως,
657 1249 756 1304 ἐὰν
780 1247 932 1324 αὐτῷ
952 1248 1128 1315 οὕτως
1148 1249 1544 1321 άποκρίνωμαι.

293 1337 448 1388 xvn.
530 1329 607 1387 Τά
628 1331 730 1402 μὲν
750 1326 855 1387 οὖν
875 1332 1051 1387 πολλά
1066 1375 1080 1403 ,
1125 1325 1169 1386 ὦ
1195 1329 1401 1402 Ἱππία,
1444 1331 1643 1401 σχεδόν
1664 1335 1720 1387 τί
1733 1353 1826 1402 μοι

152 1412 299 1469 οὕτω
320 1417 649 1485 διαλέγεται·
689 1417 859 1469 ἐνίοτε
881 1412 935 1468 δ’
961 1412 1144 1484 ὥσπερ
1167 1413 1391 1485 ἐλεήσας
1421 1435 1531 1484 μου
1550 1412 1654 1484 τὴν
1670 1412 1887 1470 ἄπει-’1)

151 1500 279 1564 ρίαν
298 1497 387 1551 καὶ
400 1494 765 1551 ἀπαιδευσίαν
777 1494 943 1560 αὐτός
962 1518 1054 1566 μοι
1074 1495 1373 1566 προβάλλει
1393 1498 1630 1566 ἐρωτῶν,
1647 1501 1696 1551 εἰ
1712 1518 1829 1552 τοι-

151 1576 279 1631 όνδε
301 1598 395 1647 μοι
414 1579 571 1632 δοκεῖ
584 1575 723 1632 εἶναι
742 1577 803 1632 τὸ
825 1577 1029 1643 καλόν,
1069 1572 1105 1648 ἦ
1134 1578 1223 1632 καὶ
1252 1578 1374 1648 περὶ
1403 1575 1577 1632 ἄλλον
1602 1575 1736 1633 ὅτου
1756 1573 1828 1632 ἂν

150 1656 287 1729 τύχῃ
306 1658 738 1729 πυνθανόμενος
757 1661 846 1715 καὶ
866 1659 989 1728 περὶ
1011 1651 1083 1713 οὗ
1103 1655 1175 1713 ἄν
1195 1658 1359 1729 λόγος
1377 1652 1428 1731 ᾗ.

292 1745 392 1795 In.
430 1746 562 1806 Πῶς
581 1748 745 1798 τοῦτο
767 1744 966 1813 λέγεις,
990 1734 1034 1796 ὦ
1054 1741 1371 1811 Σώκρατες

292 1826 415 1877 ΣΩ.
469 1819 606 1892 Ἐγώ
626 1841 713 1879 σοι
734 1823 947 1894 φράσω.
1008 1817 1052 1878 ὦ
1072 1822 1318 1893 δαιμόνιε
1333 1866 1347 1893 ,
1389 1828 1551 1895 φησί,
1590 1823 1829 1895 Σώκρα-

149 1923 254 1974 τες,
267 1901 333 1959 τὰ
353 1903 456 1975 μὲν
475 1911 699 1960 τοιαῦτα
720 1903 1155 1975 ἀποκρινόμενος
1176 1906 1263 1960 καὶ
1278 1903 1424 1960 οὕτω
1447 1913 1678 1960 παῦσαι·
1702 1910 1829 1961 λίαν

148 1987 257 2059 γάρ
296 1987 475 2059 εὐήθη
508 2010 565 2044 τε
602 1991 692 2045 καὶ
731 1988 1081 2060 εὐεξέλεγκτά
1115 1991 1284 2045 ἐστιν·
1342 1986 1482 2044 ἀλλὰ
1519 1985 1578 2043 τὸ
1608 1987 1826 2044 τοιόνδε

151 2069 346 2125 σκόπει
375 2078 427 2125 εἰ
452 2086 538 2125 σοι
570 2072 727 2126 δοκεῖ
746 2068 920 2127 καλὸν
941 2070 1106 2141 εἶναι,
1146 2063 1217 2127 οὗ
1235 2071 1324 2126 καὶ
1344 2075 1451 2125 νῦν
1473 2067 1537 2141 δὴ
1562 2069 1828 2142 ἐπελαβό-
1858 2083 1890 2126 Ε

151 2157 298 2221 μεθα
317 2153 379 2207 ἐν
399 2156 467 2221 τῇ
484 2149 797 2223 ἀποκρίσει,
830 2149 967 2223 ἡνίκ’
988 2157 1200 2224 ἔφαμεν
1227 2149 1326 2208 τὸν
1354 2152 1590 2222 χρυσόν,
1630 2147 1711 2217 οἷς
1728 2151 1828 2223 μὲν

152 2234 373 2301 πρέπει,
395 2230 570 2287 καλὸν
589 2231 746 2303 εἶναι,
770 2228 851 2299 οἷς
873 2236 931 2291 δὲ
949 2234 1052 2306 μή,
1078 2234 1150 2290 οὔ
1161 2277 1175 2305 ,
1209 2235 1300 2290 καὶ.
1321 2227 1494 2289 τᾶλλα
1516 2233 1725 2305 πάντα,
1746 2228 1828 2299 οἷς

153 2309 227 2368 ἄν
247 2318 410 2369 τοῦτο
433 2321 640 2387 προσῇ·
677 2312 812 2371 αὐτὸ
832 2313 899 2387 δὴ
920 2323 1083 2372 τοῦτο
1105 2313 1166 2371 τὸ
1190 2318 1404 2384 πρέπον
1422 2317 1510 2371 καὶ
1531 2313 1631 2387 τὴν
1652 2315 1828 2387 φύσιν

150 2393 328 2451 αὐτοῦ
348 2401 450 2451 τοῦ
469 2397 777 2466 πρέποντος
795 2395 1006 2468 σκόπει,
1029 2402 1080 2454 εἰ
1095 2404 1259 2454 τοῦτο
1279 2396 1535 2468 τυγχάνει
1557 2393 1624 2453 ὂν
1643 2396 1704 2453 τό
1724 2419 1826 2453 κα-

92 2469 97 2476 ·
151 2476 269 2534 λόν.
323 2474 431 2548 ἐγώ
458 2476 561 2547 μὲν
580 2470 686 2533 οὖν
705 2485 880 2535 εἴωθα
901 2479 1190 2550 συμφάναι
1217 2476 1283 2535 τὰ
1303 2477 1519 2535 τοιαῦθ’
1542 2478 1823 2537 ἑκάστοτε·

151 2554 220 2694 οἷ’)
238 2555 344 2628 γάρ
364 2562 467 2629 ἔχω
489 2556 523 2613 ὅ
540 2580 589 2614 τι
611 2562 749 2630 λέγω
764 2581 775 2592 ·
816 2561 902 2615 σοὶ
924 2558 978 2615 δ’
999 2554 1107 2616 οὖν
1126 2564 1282 2616 δοκεῖ
1315 2558 1376 2617 τό
1417 2562 1629 2632 πρέπον
1653 2559 1827 2617 καλὸν

152 2658 178 2694 ε
202 2660 317 2704 ναις

292 2725 393 2779 ῙΠ.
431 2721 665 2789 Πάντως
686 2722 896 2795 δήπου,
919 2718 963 2779 ὦ
983 2725 1290 2796 Σώκρατες.

294 2806 416 2857 ΣΩ.
456 2803 814 2876 Σκοπῶμεθα
828 2848 842 2876 ,
863 2805 939 2877 μή
958 2827 1033 2879 πῃ
1054 2803 1134 2875 ἄρ’
1158 2805 1554 2878 ἐξαπατώμεθα
