1962 3112
188 181 293 235 224
790 183 1272 233 ΠΛΑΤΩΝΟΣ
1807 192 1863 236 26

190 320 379 390 τέχνας
394 339 405 351 ·
442 316 547 388 τὴν
579 317 680 387 μὲν
699 317 784 372 ἐπὶ
805 322 869 388 τῇ
890 323 1038 390 ψυχῇ
1059 317 1346 388 πολιτικὴν
1364 323 1540 387 καλῶ,
1581 317 1681 388 τὴν
1703 317 1760 374 δὲ
1779 320 1867 375 ἐπὶ

193 401 402 471 σώματι
431 404 560 470 μίαν
589 400 691 469 μὲν
721 398 897 463 οὕτως
926 398 1199 469 ὀνομάσαι
1226 396 1329 455 οὐκ
1359 403 1460 470 ἔχω
1491 417 1605 471 σοι,
1643 408 1770 471 μιᾶς
1807 403 1866 455 δὲ

194 483 364 554 οὔσης
393 488 489 553 τῆς
517 489 618 537 τοῦ
650 481 900 553 σώματος
928 487 1227 550 θεραπείας
1247 483 1347 539 δύο
1367 483 1537 554 μόρια
1557 486 1726 555 λέγω,
1765 481 1866 554 τὴν

195 566 295 637 μὲν
313 565 698 637 γυμναστικήν
711 608 725 636 ,
748 563 851 636 τὴν
871 567 930 620 δὲ
949 564 1197 636 ἰατρικήν
1212 587 1222 598 ·
1254 573 1349 637 τῆς
1370 566 1428 622 δὲ
1447 574 1726 637 πολιτικῆς
1746 564 1868 623 ἀντὶ

193 649 295 719 μὲν
324 655 419 719 τῆς
448 654 823 718 γυμναστικῆς
851 646 953 719 τὴν
983 648 1380 720 νομοθετικήν,
1418 648 1789 720 ἀντίστροφον
1810 649 1868 704 δὲ

134 747 165 788 C
194 736 259 802 τῇ
281 735 498 802 ἰατρικῇ
521 729 621 800 τὴν
642 730 1018 801 δικαιοσύνην.
1042 733 1468 788 ἐπικοινωνοῦσι
1487 733 1588 803 μὲν
1608 731 1672 803 δὴ
1696 731 1869 802 ἀλλή-

194 821 339 881 λαις,
379 811 473 867 ἅτε
496 811 695 882 περὶτὰ
718 812 850 868 αὐτὸ
874 807 1063 884 οὖσαι,
1105 813 1353 884 ἑκάτεραι
1371 814 1611 885 τούτων,
1651 812 1688 885 ἥ
1704 835 1762 869 τε
1783 818 1869 868 ἰα-

192 896 350 966 τρική
382 902 450 966 τῇ
480 902 826 968 γυμναστικῇ
855 896 945 950 καὶ
974 894 1007 966 ἡ
1045 897 1367 967 δικαιοσύνη
1405 902 1472 968 τῇ
1509 902 1867 968 νομοθετικῇ·

196 975 343 1048 ὅμως
382 977 441 1031 δὲ
479 980 807 1047 διαφέρουσί
842 998 893 1031 τι
930 974 1199 1048 ἀλλήλων.
1240 977 1518 1048 τεττάρων
1556 976 1621 1049 δὴ
1655 977 1869 1034 τούτων

196 1059 398 1130 οὐσῶν,
421 1062 509 1114 καὶ
530 1057 614 1115 ἀεὶ
633 1057 768 1127 πρὸς
787 1059 847 1113 τὸ
869 1061 1156 1131 βέλτιστον
1174 1067 1616 1130 θεραπευουσῶν
1635 1066 1748 1114 τῶν
1767 1059 1869 1129 μὲν
1888 1119 1891 1121 ,

194 1143 254 1198 τὸ
277 1149 457 1212 σῶμα,
499 1148 609 1197 τῶν
631 1141 690 1196 δὲ
717 1140 819 1213 τὴν
850 1142 1061 1213 ψυχήν,
1100 1142 1133 1214 ἡ
1157 1141 1520 1213 κολακευτικὴ
1540 1143 1866 1212 αἰσθομένη,

197 1222 264 1280 οὐ
289 1232 501 1296 γνοῦσα
522 1225 660 1293 λέγω
682 1222 819 1279 ἄλλα
842 1229 1246 1296 στοχασαμένη,
1277 1229 1505 1295 τέτραχα
1527 1223 1730 1294 ἑαυτὴν
1751 1226 1872 1278 δια-

195 1313 444 1378 νείμασα,
467 1305 722 1362 ὑποδῦσα
738 1305 846 1362 ὑπὸ
871 1308 1103 1362 ἕκαστον
1120 1314 1230 1363 τῶν
1245 1314 1472 1378 μορίων,
1497 1317 1872 1376 προσποιεῖται

200 1389 339 1445 εἶναι
373 1396 537 1445 τοῦτο
575 1389 711 1459 ὅπερ
751 1387 955 1460 ὑπέδυ,
998 1391 1089 1444 καὶ
1125 1396 1226 1443 τοῦ
1254 1392 1354 1459 μὲν
1381 1395 1667 1460 βελτίστου
1707 1386 1873 1444 οὐδὲν

199 1477 500 1544 φροντίζει,
539 1480 616 1545 τῷ
646 1473 702 1528 δὲ
740 1471 823 1528 ἀεὶ
850 1470 1053 1546 ἡδίστῳ
1082 1471 1380 1542 θηρεύεται
1415 1469 1519 1542 τὴν
1550 1471 1747 1526 ἄνοιαν
1783 1472 1873 1526 καὶ

199 1558 463 1628 ἐξαπατᾷ,
504 1555 642 1611 ὥστε
675 1559 831 1610 δοκεῖ
856 1560 1116 1610 πλείστου
1148 1551 1271 1620 ἀξία
1302 1553 1457 1609 εἶναι.
1495 1551 1602 1609 ὑπὸ
1633 1555 1735 1625 μὲν
1766 1547 1869 1609 οὖν

197 1637 298 1708 τὴν
318 1635 571 1708 ἰατρικὴν
591 1635 622 1709 ἡ
644 1636 938 1707 ὀψοποιικὴ
959 1634 1285 1706 ὑποδέδυκε,
1307 1638 1399 1692 καὶ
1418 1647 1793 1706 προσποιεῖται
1809 1634 1868 1691 'cd

197 1724 446 1789 βέλτιστα
467 1723 609 1774 σιτία
629 1725 708 1791 τῷ
737 1717 946 1788 σώματι
977 1722 1207 1790 εἰδέναι,
1247 1717 1377 1775 ὥστ’
1414 1724 1463 1776 εἰ
1490 1720 1604 1775 δέοι
1630 1721 1692 1775 ἐν
1722 1719 1870 1774 παισὶ

201 1805 623 1872 διαγωνίζεσθαι
672 1799 944 1866 ὀψοποιόν
980 1822 1037 1855 τε
1075 1801 1165 1856 καὶ
1202 1798 1395 1870 ἰατρὸν
1430 1797 1468 1872 η’
1507 1803 1568 1856 ἐν
1603 1799 1868 1871 ἆνδροίσιν

199 1881 374 1947 οὕτως
394 1880 647 1953 ανοήτοις
668 1880 850 1952 ω’σπερ
872 1904 923 1937 οι
911 1885 1158 1953 παῖδες,
1179 1882 1409 1954 πότερος
1427 1885 1601 1939 ἐπαΐει
1621 1884 1743 1952 περὶ
1763 1889 1867 1937 των

199 1981 450 2036 χρηστων
488 1971 676 2019 σιτίων
718 1967 807 2020 καὶ
843 1970 1134 2036 πονηρῶν,
1171 1962 1199 2019 ὁ
1238 1962 1421 2035 ἰατρὸς
1446 1987 1480 2036 η
1520 1963 1548 2020 ὁ
1589 1962 1872 2033 ὀψοποιός,

139 2066 170 2105 Ε
201 2052 338 2119 λιμῷ
370 2068 441 2101 αν
470 2044 779 2103 αποθανεῖν
807 2045 906 2102 τὸν
935 2046 1140 2118 ἰατρόν.
1180 2052 1474 2103 κολακείαν
1492 2070 1594 2118 μεν
1613 2042 1719 2103 οὖν
1738 2043 1868 2102 αὐτό

85 2143 169 2186 465
199 2134 378 2198 καλῶ,
417 2129 509 2184 καὶ
540 2127 769 2200 αἰσχρόν
801 2150 941 2199 φημι
972 2127 1112 2185 εἶναι
1140 2129 1200 2186 τὸ
1235 2137 1516 2202 τοιοῦτον,
1557 2123 1603 2185 ὦ
1621 2136 1784 2186 Πώλε
1814 2164 1848 2172 -

56 2760 59 2761 ⁷
135 2723 168 2763 B

198 2217 362 2266 τοῦτο
404 2211 511 2282 γαρ
554 2210 694 2281 πρὸς
731 2212 791 2267 σε
829 2213 969 2281 λέγω
1006 2247 1076 2254 -—
1114 2210 1199 2267 ὅτι
1238 2218 1339 2268 τοῦ
1377 2210 1539 2283 ἡδέος
1566 2213 1877 2283 στοχάζεται
1935 2223 1962 2255 -³·

199 2292 335 2348 ἄνευ
356 2300 458 2348 τοῦ
482 2299 770 2365 βελτίστου
784 2313 795 2324 ·
834 2298 1030 2367 τέχνην
1051 2295 1108 2351 δὲ
1125 2293 1302 2365 αὐτὴν
1320 2292 1390 2350 οὔ
1411 2316 1550 2366 φημι
1583 2293 1723 2349 εἶναι
1750 2291 1872 2349 ἀλλ’

199 2381 500 2448 ἐμπειρίαν,
525 2376 608 2432 ὅτι
628 2376 732 2432 οὐκ
753 2383 859 2448 ἔχει
879 2378 1052 2449 λόγον
1067 2375 1271 2433 οὐδένα
1290 2371 1371 2433 οἷν
1389 2379 1706 2448 προσφέρει,
1729 2373 1873 2431 ὁποῖ’

199 2457 332 2513 ἅττα
356 2457 458 2530 τὴν
480 2459 655 2530 φύσιν
685 2463 860 2529 ἐστίν,
902 2459 1040 2516 ὥστε
1068 2458 1172 2531 τὴν
1191 2453 1370 2516 αἰτίαν
1391 2459 1624 2515 ἑκάστου
1640 2456 1713 2529 μὴ
1735 2462 1872 2528 ἔχειν
1935 2499 1939 2502 -

199 2545 386 2595 εἰπεῖν.
429 2540 534 2611 ἐγώ
567 2541 625 2597 δὲ
656 2544 851 2613 τέχνην
878 2541 946 2598 οὐ
976 2549 1156 2613 καλῶ,
1190 2541 1220 2599 ὃ
1251 2537 1376 2615 ἄνῇ
1397 2542 1603 2613 ἄλογον
1621 2548 1874 2611 πρᾶγμα·
1931 2547 1934 2550 “

197 2624 414 2677 τούτων
434 2623 492 2679 δὲ
513 2626 637 2694 πέρι
658 2629 709 2680 εἰ
725 2622 1110 2697 ἀμφισβητεῖς,
1134 2627 1311 2683 ἐθέλω
1330 2622 1593 2694 ὑποσχεῖν
1614 2622 1800 2692 λόγον.
1929 2692 1934 2699 ⁴

339 2711 447 2760 XX.
529 2711 608 2776 Τῇ
628 2706 729 2775 μὲν
755 2702 860 2761 οὖν
881 2713 1113 2781 ἰατρικῇ,
1135 2707 1319 2777 ὥσπερ
1336 2709 1504 2778 λέγω,
1525 2705 1560 2778 ἡ
1582 2703 1873 2776 ὀψοποιική

201 2793 460 2843 κολακεία
491 2785 802 2843 ὑπόκειται·
842 2797 910 2862 τῇ
942 2790 1002 2846 δὲ
1030 2795 1374 2861 γυμναστικῇ
1408 2786 1546 2844 κατὰ
1575 2787 1675 2843 τὸν
1704 2783 1874 2843 αὐτόν

197 2875 406 2939 τρόπον
424 2875 624 2925 τοῦτον
642 2868 676 2941 ἡ
698 2872 1031 2943 κομμωτική,
1053 2869 1365 2941 κακοῦργός
1383 2891 1439 2925 τε
1461 2863 1601 2925 οὖσα
1623 2871 1712 2925 καὶ
1731 2867 1876 2924 ἀπα-
