1994 3028
699 483 1303 563 PRAEFATIO.

866 647 1071 655 ——

214 734 364 814 Tertii
397 766 620 808 voluminis
650 767 802 820 majori
831 767 941 820 parti
971 774 1067 820 post
1099 780 1173 819 ea,
1216 780 1324 819 quae
1355 768 1644 821 superioribus
1675 770 1892 822 praefatus

87 837 221 874 mm,
260 824 364 866 nihil
401 825 517 876 quod
555 827 750 866 universe
789 836 1084 877 praemoneam
1118 831 1270 875 restat3
1311 838 1336 866 a
1375 826 1556 878 septima
1587 826 1754 867 demum
1793 827 1892 868 inde

97 883 344 936 tetralogia,
385 883 507 935 cujus
539 883 735 936 princeps
767 881 943 936 {lippias
971 882 1108 935 major
1134 889 1220 932 est,
1263 883 1411 936 optimi
1442 883 1599 924 codicis
1636 882 1891 925 oxoniensis

95 940 292 982 subsidio
323 940 550 981 destitutus
587 940 704 980 aliud
742 938 1062 980 fundamentum
1095 940 1417 994 circumspicere
1450 947 1619 982 coactus
1656 953 1771 993 sum,
1804 942 1888 995 eui,

98 998 138 1039 si
184 997 324 1039 minus
363 996 567 1043 eandem,
616 997 798 1038 similem
841 1003 954 1038 certe
995 999 1036 1037 in
1077 998 1407 1051 superstruenda
1447 998 1626 1039 lectione
1666 1000 1891 1040 auctorita-

87 1059 183 1096 .tem
229 1055 468 1096 tribuerem.
539 1055 668 1106 Atqui
715 1056 822 1096 iuter
862 1068 958 1107 eos,
1010 1068 1117 1107 quos
1154 1055 1238 1095 illic
1275 1057 1466 1109 proxime
1507 1057 1563 1098 ad
1605 1055 1890 1098 Oxoniensem

94 1113 299 1155 accedere
333 1112 449 1161 dixi,
487 1112 648 1153 Veneto
683 1110 735 1153 H
759 1114 801 1153 in
826 1112 892 1153 his
923 1112 1103 1165 dialogis
1134 1113 1279 1153 itidem
1315 1125 1531 1163 caremus,
1564 1113 1814 1154 Vaticanum
1847 1112 1890 1156 Θ

97 1178 237 1210 mitem
275 1171 503 1221 quominus
542 1170 584 1210 in
619 1169 735 1211 illius
772 1170 908 1211 locum
942 1169 1203 1218 sufficerem,
1236 1178 1276 1211 et
1306 1171 1478 1211 foedum
1504 1171 1718 1225 glossema
1748 1173 1890 1211 κατα-

96 1220 319 1283 λαμβάνει
352 1239 427 1280 pro
465 1220 615 1277 αἴρεί,
650 1240 734 1279 quo
767 1229 809 1269 in
838 1226 1021 1280 Clitoph.
1050 1240 1092 1281 p.
1125 1225 1211 1270 407
1247 1229 1281 1269 D
1315 1227 1596 1277 deformatur,
1631 1235 1672 1269 et
1706 1230 1888 1283 insignis

97 1285 247 1326 lacuna
287 1298 362 1338 per
390 1284 754 1326 homoeoteleuton
796 1293 882 1326 orta
918 1285 1140 1334 deterruit,
1183 1299 1267 1337 qua
1305 1286 1345 1326 in
1374 1286 1500 1340 Hipp.
1534 1288 1635 1330 min.
1665 1299 1707 1340 p.
1739 1284 1827 1330 365
1856 1287 1890 1327 E

87 1342 191 1383 'eum
223 1341 418 1396 plurimis
449 1342 669 1383 deterioris
701 1343 868 1396 generis
901 1341 1019 1382 libris
1050 1344 1177 1384 verba
1207 1333 1279 1383 ὅτι
1312 1342 1527 1384 ποιοῦσιν
1554 1332 1585 1395 ἦ
1614 1336 1889 1384 ἐπίστανται

96 1401 274 1448 omittit,
314 1407 359 1440 ut
396 1399 499 1440 nihil
533 1401 683 1440 mirum
722 1401 778 1441 sit
811 1413 908 1440 eum
946 1400 987 1440 in
1028 1400 1122 1440 aliis
1166 1414 1333 1452 quoque
1371 1402 1473 1443 locis
1509 1414 1604 1443 cum
1635 1400 1703 1443 his
1743 1404 1887 1456 potius

97 1459 336 1504 concinnem
379 1469 488 1509 quae
523 1470 653 1510 quum
690 1458 747 1498 ita
788 1464 951 1506 essent,
985 1458 1040 1498 ad
1068 1458 1275 1499 venetum
1307 1457 1353 1503 Ξ
1387 1459 1607 1508 descendi,
1639 1459 1888 1502 Bessarione

96 1525 342 1568 possessore
374 1514 664 1563 nobilitatum,
694 1528 818 1567 quem
849 1527 979 1566 quum
1007 1516 1098 1568 Jam
1130 1517 1170 1555 in
1203 1517 1492 1569 superioribus
1522 1517 1638 1558 haud
1665 1529 1757 1558 raro
1790 1530 1889 1559 cum

96 1572 191 1626 ipso
235 1571 465 1613 Oxoniensi
502 1573 832 1614 consentientem
873 1571 1126 1622 habeamus,
1171 1580 1258 1613 tum
1306 1575 1347 1614 in
1385 1574 1450 1615 his
1488 1574 1669 1628 dialogis
1708 1574 1888 1617 aliorum

95 1630 229 1670 bonae
260 1637 382 1669 notae
415 1630 631 1681 codicum,
665 1637 708 1670 ut
741 1629 845 1670 Ven.
879 1627 945 1677 Σ,
978 1630 1105 1670 Vind.
1139 1630 1190 1678 2,
1227 1631 1336 1672 Flor.
1376 1645 1406 1673 x
1447 1633 1686 1673 testimonia
1723 1634 1886 1686 passim

93 1686 352 1727 confirmant.
413 1685 556 1739 Neque
579 1699 604 1726 a
631 1687 783 1740 priscis
811 1686 1076 1734 editionibus,
1099 1687 1326 1729 Basileensi
1357 1689 1490 1731 altera
1518 1696 1557 1730 et
1585 1688 1886 1743 Stephaniana,

93 1744 219 1785 nimis
251 1743 428 1791 recedit:
457 1756 634 1796 quarum
663 1745 739 1784 etsi
764 1743 878 1784 nulla
906 1745 1020 1797 apud
1046 1758 1111 1785 me
1142 1748 1342 1787 sanctitas
1367 1754 1462 1800 esta
1486 1754 1621 1787 tamen
1650 1746 1765 1788 haud
1797 1749 1886 1789 exi-

90 1812 200 1855 guas
231 1813 374 1841 eanum
404 1801 630 1849 lectiones,
663 1814 767 1853 quas
796 1800 1011 1843 Bekkerus
1034 1803 1359 1854 parisiensium,
1393 1804 1692 1846 Stallbaumius
1718 1805 1886 1847 Floren-

90 1859 271 1900 tinorum
300 1858 515 1913 suffragiis
546 1859 869 1905 damnaverunt,
903 1860 1037 1913 ipsius
1073 1859 1325 1902 Oxoniensis
1352 1862 1435 1904 fide
1464 1862 1744 1903 restituendas
1775 1864 1885 1904 vidi-

30 1941 38 1956 .
84 1927 207 1962 mnu
241 1916 458 1968 multoque
489 1916 627 1957 minus
656 1930 721 1957 me
750 1928 946 1957 numerus
975 1917 1174 1959 librorum
1204 1927 1365 1966 movet.
1399 1921 1466 1961 cui
1493 1919 1609 1962 hand
1641 1920 1729 1961 scio
1757 1933 1807 1961 an
1843 1927 1884 1962 et

84 1974 253 2029 'priores
285 1973 346 2014 illi
378 1974 509 2015 critici
541 1980 582 2014 et
612 1974 694 2028 ipsi
719 1974 967 2015 Turicenses
994 1976 1198 2017 interdum
1223 1977 1318 2031 plus
1351 1990 1478 2029 quam
1510 1990 1634 2019 verae
1665 1986 1883 2031 praestan-

39 2047 49 2055 ·
81 2031 172 2072 tiae
204 2031 468 2072 indulserint.
502 2029 586 2072 Sed
614 2030 723 2073 hanc
750 2044 803 2072 ex
829 2031 1010 2086 singulis
1039 2034 1178 2086 potius
1200 2034 1448 2076 lectionibus
1476 2035 1726 2089 existimari,
1756 2048 1883 2088 quam

35 2095 39 2100 ’
83 2089 284 2130 universo
306 2089 468 2142 judicio
500 2089 667 2131 decerni
700 2089 831 2141 mulo;
865 2089 916 2130 de
944 2089 1012 2131 his
1041 2091 1191 2144 igitur,
1230 2105 1334 2145 quas
1370 2093 1412 2134 in
1444 2092 1524 2133 hoc
1554 2093 1768 2134 volumine
1798 2094 1882 2134 Tu-

85 2144 323 2188 ricensibus
349 2146 650 2199 praeferendas
681 2160 775 2188 esse
799 2148 970 2193 censui,
1003 2148 1063 2190 sic
1093 2148 1266 2191 habeto:

84 2247 86 2250 Α
202 2201 418 2245 Charmid.
452 2216 492 2257 p.
520 2203 602 2247 155
635 2203 667 2244 D
697 2197 851 2246 οὐκέτ’
876 2195 957 2245 ἐπ’
982 2197 1181 2257 ἐμαυτοῦ
1209 2206 1266 2254 0,
1299 2199 1350 2247 ἐν
1378 2199 1558 2263 ἐμαυτῷ
1580 2209 1632 2257 V,
1661 2198 1712 2247 ἐν
1741 2200 1880 2261 ἐμαυ-

82 2257 167 2314 ροῦ
193 2258 303 2312 BS‘I',
335 2261 449 2312 quod
484 2260 632 2303 Stallb.
667 2262 960 2316 interpretatur
986 2277 1064 2305 aus
1094 2264 1185 2306 dem
1216 2264 1470 2313 Heia-when,-
1510 2272 1552 2306 at
1590 2265 1740 2307 domus
1772 2267 1879 2307 ima-

81 2318 182 2373 gine
214 2319 420 2359 neminem
454 2318 660 2359 Graecum
691 2320 733 2360 in
773 2320 852 2360 hac
890 2322 1095 2362 sententia
1127 2335 1249 2363 usum
1289 2335 1384 2363 esse
1425 2322 1625 2370 arbitror,
1667 2322 1880 2377 longeque

19 2397 21 2401 ·
84 2374 249 2417 mallem
283 2377 417 2417 Oxou.
457 2377 676 2418 lectionem
709 2377 764 2418 ad
794 2390 887 2419 eum
929 2390 1050 2419 usum
1085 2392 1305 2430 revocare,
1338 2393 1420 2433 quo
1455 2372 1530 2432 ἐφ’
1558 2372 1725 2421 ἑαυτοῦ
1762 2382 1875 2435 sign.

81 2433 172 2480 §uis
205 2434 366 2475 viribus
394 2436 453 2475 uti
483 2447 618 2486 neque
646 2434 783 2475 aliena
813 2447 892 2489 ope
925 2436 1136 2490 indigere,
1166 2437 1223 2484 cl'.
1251 2438 1410 2478 Weber
1441 2438 1496 2479 ad
1528 2437 1749 2481 Demosth.
1782 2439 1876 2479 Ari-

16 2536 19 2540 ,
81 2496 204 2532 ποστ.
233 2503 275 2544 p.
299 2490 381 2534 451
417 2499 458 2533 et
483 2491 589 2537 520³
618 2501 860 2546 comparato
882 2500 1019 2535 tamen
1052 2494 1227 2536 l'liaedr.
1262 2509 1297 2539 c.
1321 2493 1401 2537 30:
1430 2486 1763 2549 ἐκπλήττονται
1797 2491 1878 2537 καὶ

80 2539 231 2589 οὕκὲτι
262 2542 416 2589 αὐτῶν
446 2547 711 2602 γίγνονται,
754 2552 1019 2592 verissimum
1059 2552 1160 2594 duxi
1194 2554 1549 2607 praepositionem
1587 2554 1760 2596 omnino
1794 2554 1876 2595 cir-

23 2637 46 2662 „
80 2607 373 2648 cumscribere.
399 2626 457 2637 —-
476 2608 580 2650 lbid.
608 2600 824 2649 θανάτου
848 2601 887 2648 α’
908 2596 937 2663 ᾖ
963 2604 1057 2666 θέᾳ
1078 2610 1251 2663 μοῖραν
1282 2604 1526 2664 affectabat
1555 2604 1705 2665 χρεῶν
1730 2611 1873 2654 Herm.

80 2673 131 2707 ex
168 2662 302 2706 oxon.
338 2665 438 2706 vesti
490 2666 549 2718 is,
590 2667 661 2718 qui
692 2674 788 2708 ante
818 2667 992 2720 μοῖραν
1022 2668 1181 2710 omissa
1210 2669 1337 2724 vulgo
1370 2670 1499 2711 verba
1529 2667 1759 2711 oefl'oevatm
1796 2680 1876 2721 σηι

7 2754 10 2773 ,
40 2749 46 2755 .
81 2714 192 2760 0⁸⁸oe
220 2721 359 2762 offert.
454 2723 524 2765 inc
559 2724 766 2778 Bergium
800 2726 913 2767 i’oet.
951 2724 962 2766 Ι
993 2725 1068 2766 ric.
1102 2738 1146 2781 p.
1178 2724 1266 2770 837
1296 2726 1532 2782 exsculpsit
1571 2718 1802 2783 ἄθανοὲτφ
1835 2718 1876 2767 d

19 2800 22 2811 ·
79 2768 204 2833 (δίᾳ.
235 2778 451 2833 Sauppius
472 2780 587 2834 apud
607 2780 856 2823 Turicenses
879 2774 930 2823 ἐν
1001 2779 1256 2838 ανατοέσσῃ
1283 2778 1405 2842 θέᾳ,
1437 2792 1701 2839 repugnante
1732 2793 1872 2828 tamen

6 2857 10 2888 t
45 2868 50 2873 .
80 2822 397 2891 ficlineidewiuo
440 2837 482 2878 iu
522 2836 710 2892 conject.
750 2841 839 2881 crit.
874 2851 915 2895 p.
951 2839 1059 2892 180,
1101 2842 1170 2883 cui
1208 2842 1345 2898 magis
1387 2842 1511 2883 veiim
1549 2842 1736 2885 arrideat
1777 2854 1870 2883 mea

7 2903 10 2919 1
94 2906 106 2920 e
1448 2915 1477 2945 a
1499 2899 1522 2929 *

89 3012 110 3028 h
