1962 3112
59 133 92 181 ‘1
543 116 863 184 ῙΠΠΙΑΣ
894 131 1248 182 ΜΕἿΖΩΝ.
1639 128 1744 182 369

205 278 304 330 ΙΠ.
361 268 540 327 Εἶπον
558 268 681 340 γάρ.

205 358 328 410 ΣΩ.
388 348 543 408 Κατὰ
571 350 671 407 τὸν
702 348 804 405 σὸν
834 349 942 419 ἄρα
968 348 1140 419 λόγον
1157 359 1270 413 τοῖς
1287 352 1745 419 Λακεδαιμονίων

73 440 244 494 υἱέσιν
273 431 382 490 ὑπὸ
405 431 622 490 Ἱππίου
640 431 1005 488 παιδεύεσθαι
1024 428 1408 502 νομιμώτερόν
1427 432 1602 501 ἐστιν,
1631 427 1743 485 ὑπὸ

69 518 129 575 δὲ
162 522 276 573 τῶν
311 518 566 586 πατέρων
601 513 986 585 ἀνομώτερον,
1026 520 1177 582 εἰπερ
1214 519 1293 586 τῷ
1327 511 1450 568 ὄντι
1489 509 1598 568 ὑπὸ
1638 514 1745 567 σοῦ

66 603 235 656 πλείω
257 595 731 669 ὠφεληθήσονται.

208 686 310 738 ΙΠ.
369 677 526 735 Ἀλλὰ
546 676 656 750 μὴν
678 675 1166 748 ὠφεληθήσονται,
1198 669 1242 731 ὦ
1262 675 1570 745 Σώκρατες.

207 767 332 818 ΣΩ.
384 766 823 831 Παρανομοῦσιν
842 757 949 828 ἄρα
966 757 1394 829 Λακεδαιμόνιοι
1416 755 1483 812 οὐ
1502 754 1749 821 διδόντες
1779 762 1812 805 Β

0 870 2 875 ·
68 861 158 901 σοι
174 849 407 916 χρυσίον
427 845 517 899 καὶ
537 845 918 912 ἐπιτρέποντες
936 842 1067 907 τούς
1085 840 1274 897 αὐτῶν
1291 843 1440 907 υἱεῖς.

211 932 312 984 ΙΠ.
387 929 674 995 Συγχωρῶ
708 930 881 979 ταῦτα
895 945 907 957 ·
948 928 1126 989 δοκεῖς
1160 922 1281 995 γάρ’
1304 943 1400 995 μοι
1439 921 1540 980 τὸν
1576 923 1746 994 λόγον
1793 931 1806 941 ’

69 1026 208 1079 προς
226 1010 365 1079 ἐμοῦ
381 1008 589 1077 λέγειν,
611 1008 700 1061 καὶ
721 1004 887 1061 οὐδέν
904 1027 971 1077 με
991 1009 1080 1062 δεῖ
1095 1002 1243 1079 αὐτῷ
1267 1006 1674 1060 ἐναντιοῦσθαι.

213 1093 341 1145 ΣΩ.
386 1088 762 1160 Παρανόμους
784 1088 885 1159 μὲν
906 1089 1002 1160 δή,
1027 1082 1071 1144 ὦ
1090 1089 1293 1159 ἑταῖρε,
1322 1085 1454 1153 τοῦς
1473 1086 1749 1153 Λάκωνας

0 1212 8 1237 ›.,
71 1166 420 1241 εὑρίσκομεν,
443 1171 535 1226 καὶ
556 1168 710 1226 ταῦτ’
736 1175 811 1235 εἰς
828 1168 894 1226 τοὶ
917 1173 1160 1242 μέγιστα,
1182 1169 1313 1236 τοῦς
1332 1170 1748 1242 νομιμωτάτους

0 1242 8 1329 ζ
71 1254 381 1317 δοκοῦντας
398 1250 551 1308 εἶναι.
576 1254 863 1308 ἐπαινοῦσι
883 1253 942 1309 δὲ
963 1252 1030 1325 δή
1054 1270 1114 1309 σε
1132 1251 1271 1323 πρὸς
1291 1258 1474 1323 θεῶν,
1498 1246 1747 1324 ὦἹππία,

6 1350 16 1387 ‘2
70 1334 162 1390 καὶ
179 1341 469 1404 χαίρουσιν
486 1332 786 1400 ἀκούοντες
804 1347 960 1402 ποῖα;
980 1331 1018 1407 ἦ
1039 1338 1211 1407 δῆλον
1227 1333 1294 1407 δὴ
1314 1333 1398 1390 ὅτι
1412 1337 1609 1404 έκεῑνα,
1628 1331 1664 1390 ἃ
1683 1332 1754 1389 σὺ

73 1414 336 1471 κάλλιστα
365 1417 678 1489 ἐπίστασαι,
717 1418 782 1473 τὰ
813 1420 934 1490 περὶ
965 1416 1029 1474 τὰ
1051 1416 1225 1488 ἄστρα
1243 1438 1301 1473 τε
1320 1416 1494 1474 καὶτὰ
1515 1415 1753 1488 οὐράνια
1786 1427 1817 1472 0

0 1467 14 1561 1'
71 1498 259 1571 πάθω

0 1617 5 1628 ›
215 1587 316 1637 111.
372 1580 516 1638 Οὐδ’
539 1581 881 1641 ὁπωστιοῦν·
902 1583 1075 1640 ταῦτά
1094 1606 1155 1655 γε
1178 1581 1302 1641 οὐδ’
1326 1582 1630 1655 ἀνέχονται.

214 1668 342 1722 ΣΩ.
389 1661 551 1720 Ἀλλὰ
572 1666 693 1735 περὶ
707 1672 1037 1738 γεωμετρίας
1052 1689 1102 1722 τι
1117 1673 1405 1738 χαίρουσιν
1424 1663 1755 1734 ἀκούοντεςς

216 1750 316 1802 ΙΠ.
370 1743 669 1818 Οὐδαμῶς,
711 1749 824 1805 ἐπεὶ
853 1747 977 1805 οὐδ’
1006 1745 1269 1820 ἀριθμεῖν
1290 1751 1520 1806 ἐκείνων
1550 1770 1640 1819 γε,
1682 1744 1755 1814 ὥς

74 1831 203 1893 ἔπος
222 1831 395 1883 εἰπεῖν
407 1869 423 1899 ,
445 1830 638 1884 πολλοὶ
657 1832 983 1886 ἐπίστανται.

219 1914 346 1966 ΣΩ.
399 1915 627 1967 Πολλοῦ
654 1910 762 1981 ἄρα
791 1915 977 1968 δέουσι
1006 1918 1136 1986 περί
1158 1934 1221 1984 γε
1252 1918 1533 1985 λογισμῶν
1569 1908 1757 1983 ἀνέχε-

24 2055 25 2059 ¹
78 1996 220 2049 σθαί
234 2009 340 2048 σου
364 1994 832 2065 ἐπιδεικνυμένου.

221 2079 323 2131 111.
375 2079 606 2131 Πολλοῦ
626 2078 813 2147 μέντοι
831 2075 899 2149 νὴ
921 2083 1045 2134 Διά.

221 2161 344 2213 ΣΩ.
396 2154 558 2213 Ἀλλὰ
579 2161 714 2231 δῆτα
733 2162 932 2230 ἐκεῖνα,
954 2157 990 2215 ὁὶ
1009 2158 1080 2215 σύ
1094 2158 1458 2232 ἀκριβέστατα
1477 2161 1759 2215 ἐπίστασαι

3 2253 6 2260 ·
78 2236 404 2308 ἀνθρώπων
432 2242 691 2312 διαιρεῖν,
730 2248 860 2311 περί
883 2263 939 2298 τε
966 2243 1305 2314 γραμμάτων
1342 2242 1630 2313 δυνάμεως
1666 2243 1757 2298 καὶ
1785 2252 1819 2296 D

36 2375 38 2379 .
79 2326 377 2394 συλλαβῶν
397 2323 487 2377 καὶ
506 2323 745 2394 ῥυθμῶν
765 2325 856 2380 καὶ
876 2321 1188 2396 ἁρμονιῶν;

37 2412 41 2432 ¹
225 2408 322 2458 ῙΠ.
359 2404 491 2470 Περὶ
510 2409 703 2474 ποίων,
726 2395 768 2458 ὦ
783 2400 962 2473 ’γαθε’,
982 2401 1266 2475 ἁρμονιῶν
1281 2406 1373 2460 καὶ
1393 2404 1759 2477 γραμμάτων,

223 2491 347 2541 ΣΩ.
404 2483 561 2540 Ἀλλὰ
583 2491 705 2540 τίνα
725 2485 836 2557 μήν
858 2488 1031 2550 ἐστιν,
1064 2483 1100 2540 ἃ
1127 2483 1299 2556 ἡδέως
1327 2503 1432 2543 σου
1450 2486 1762 2556 ἀκροῶνται

80 2576 172 2625 καί
190 2570 542 2634 έπαινοῦσιν;
582 2565 748 2633 αὐτός
765 2590 857 2639 μοι
879 2571 1020 2636 εἰπέ,
1045 2567 1228 2640 ἐπειδὴ
1256 2567 1359 2639 ἐγώ
1382 2566 1482 2641 οὐχ
1507 2566 1758 2641 εὑρίσκω.

226 2654 323 2707 111.
380 2652 516 2720 Περὶ
550 2656 664 2706 τῶν
693 2658 900 2722 γενῶν,
936 2644 978 2707 ὦ
999 2651 1319 2724 Σώκρατες,
1349 2658 1463 2709 τῶν
1482 2675 1537 2709 τε
1557 2650 1761 2725 ἡρώων

83 2732 175 2790 καὶ
195 2738 308 2787 τῶν
326 2728 648 2801 ἀνθρώπων
662 2776 676 2803 ,
698 2734 788 2789 καὶ
808 2739 919 2788 τῶν
939 2739 1294 2791 κατοικίσεων
1308 2778 1322 2804 ,
1356 2733 1429 2802 ὡς
1448 2734 1508 2791 τό
1531 2733 1762 2807 ἀρχαῖον

83 2817 502 2940 έκτίσξησαιῖἇιῐ
515 2816 726 2883 πόλεις,
769 2818 856 2873 καὶ
890 2818 1208 2891 συλλήβδην
1227 2818 1405 2892 πάσης
1425 2825 1519 2890 τῆς
1538 2815 1762 2890 ἀρχαιο-

259 2906 375 2939 ιΑτο
467 2928 479 2939 .
1449 2901 1508 2946 24
