1962 3112
130 176 189 224 6⁵
783 126 1152 217 ΓΟΡΓΙΑΣ.
1703 165 1807 219 263

134 302 252 361 οἷον
279 301 589 376 γεωργικὸν
618 302 796 372 ἄνδρα
824 301 949 370 περὶ
978 306 1086 372 γῆν
1114 297 1396 372 φρόνιμόν
1417 321 1475 355 τε
1503 302 1595 356 καὶ
1632 300 1807 357 καλὸν

131 389 222 442 καὶ
233 386 471 457 ἀγαθόν,
492 392 694 440 τοῦτον
713 382 779 455 δὴ
801 391 932 448 ἴσως
953 388 1036 439 δεῖ
1052 390 1403 438 πλεονεκτεῖν
1421 388 1536 437 τῶν
1557 383 1808 453 σπερμά-

130 489 243 524 των
259 470 349 524 καὶ
370 466 442 532 ὠς
459 472 694 539 πλείστῳ
713 468 977 536 σπέρματι
1002 471 1242 536 χρῆσθαι
1271 469 1347 529 εἰς
1364 462 1467 535 τὴν
1484 461 1662 520 αὑτοῦ
1679 471 1803 536 γῆν.

271 556 441 605 ΚΑΛ.
496 547 591 614 Ὡς
609 546 690 604 ἀεὶ
711 546 882 603 ταύτὰ
901 551 1097 618 λέγεις,
1121 541 1165 602 ὦ
1183 545 1493 618 Σώκρατες.

270 637 393 688 ΣΩ.
455 629 541 687 Οὐ
557 631 736 702 μόνον
754 652 834 700 γε,
858 625 902 685 ὦ
920 634 1262 699 Καλλίκλεις,
1279 625 1418 684 ἄλλα
1438 629 1530 684 καὶ
1550 629 1808 692 περὶτῶν
1931 682 1934 689 ,

130 713 331 769 αὐτῶν.
1353 728 1378 749 ⁹
1832 720 1836 722 ’

271 800 443 850 ΚΑΛ.
497 792 588 865 Νὴ
607 791 736 858 τούς
750 793 940 863 θεούς,
960 791 1197 863 ἀτεχνῶς
1215 812 1277 861 γε
1295 790 1378 846 ἀεὶ
1393 793 1626 855 σκυτέας
1643 812 1698 846 τε
1718 791 1811 846 καὶ
1835 810 1920 858 491

130 879 378 946 κναφέας
407 878 499 932 καὶ
528 882 825 947 μαγείρους
853 877 1032 946 λέγων
1059 876 1150 930 καὶ
1178 872 1401 942 ἰατροὺς
1430 871 1597 930 οὐδὲν
1622 873 1806 944 παύει,

133 954 206 1023 ὥς
224 958 348 1024 περὶ
367 957 583 1012 τούτων
602 955 734 1028 ἡμῖν
753 957 886 1013 ὄντα
906 956 1005 1012 τὸν
1025 958 1212 1027 λόγον.

271 1043 397 1093 ΣΩ.
456 1037 686 1094 Οὐκοῦν
715 1036 787 1094 σύ
818 1041 957 1107 ἐρεῖς
977 1039 1100 1106 περὶ
1119 1043 1287 1092 τίνων
1307 1034 1335 1091 ὁ
1357 1042 1622 1104 κρείττων
1641 1058 1697 1091 τε
1717 1037 1810 1092 καὶ

132 1122 546 1193 φρονιμώτερος
582 1124 753 1177 πλέον
788 1127 928 1192 ἔχων
964 1126 1188 1186 δικαίως
1226 1128 1564 1186 πλεονεκτεῖς
1604 1115 1640 1190 ἦ
1677 1118 1806 1175 οὔτε

133 1207 269 1274 ἐμοῦ
289 1203 703 1276 ὑποβάλλοντος
723 1202 900 1270 ἅνέξει
921 1202 1043 1260 οὔτ’
1066 1203 1232 1268 αὐτός
1249 1206 1414 1270 ἐρεῖς;

269 1294 440 1344 ΚΑΛ.
494 1287 635 1344 Ἀλλ’
661 1293 830 1359 ἔγωγε
850 1291 939 1345 καὶ
953 1290 1124 1345 πάλαι
1142 1291 1299 1358 λέγω.
1322 1294 1546 1358 πρῶτον
1563 1288 1665 1357 μὲν
1678 1284 1809 1351 τοὺς

129 1376 408 1439 κρείττους
437 1374 494 1426 οἵ
519 1375 660 1426 εἰσιν
686 1369 755 1427 οὐ
784 1373 1159 1443 σκυτοτόμους
1178 1373 1318 1442 λέγω
1339 1369 1470 1427 οὐδὲ
1489 1375 1801 1442 μαγείρους,
1833 1382 1864 1424 Β

128 1450 253 1508 ἀλλ’
285 1458 341 1508 οἳ
363 1450 436 1509 ἄν
468 1458 544 1517 εἰς
561 1455 628 1508 τοὶ
658 1460 755 1526 τῆς
782 1456 996 1521 πόλεως
1022 1457 1315 1527 πράγματα
1345 1455 1611 1526 φρόνιμοι
1649 1448 1806 1525 ὦσιν,

130 1533 323 1590 ὅντινα
358 1531 430 1590 ἄν
465 1536 679 1604 τρόπον
713 1531 777 1591 εὖ
817 1543 1051 1607 οἰκοῖτο,
1088 1541 1179 1593 καὶ
1207 1536 1280 1609 μὴ
1309 1538 1488 1609 μόνον
1519 1538 1806 1609 φρόνιμοι,

132 1614 270 1672 ἀλλὰ
291 1618 381 1671 καὶ
401 1614 674 1686 α’νδρεΐοι,
705 1620 885 1674 ἱκανοὶ
905 1616 1062 1683 ὅντες
1080 1616 1115 1673 ἃ
1134 1616 1207 1674 ἄν
1224 1620 1506 1690 νοήσωσιν
1524 1621 1806 1689 ἐπιτελεῖν,

130 1697 313 1768 καὶμὴ
333 1695 695 1768 ἀποκάμνωσι
717 1697 806 1754 διὰ
827 1707 1101 1771 μαλακίαν
1119 1708 1215 1772 τῆς
1236 1707 1429 1771 ψυχῆς.

273 1786 450 1836 XLVI.
523 1786 644 1837 ΣΩ.
687 1779 877 1855 Ὁρᾷς,
920 1778 964 1838 ὦ
984 1785 1226 1855 βέλτιστε
1247 1788 1599 1851 Καλλίκλεις,
1632 1779 1706 1846 ὦς
1738 1777 1807 1836 οὐ

131 1862 302 1920 ταύτὰ
335 1864 407 1919 σύ
437 1861 487 1919 τ’
518 1867 654 1935 ἐμοῦ
685 1879 1007 1937 κατηγορεῖς
1036 1868 1127 1922 καὶ
1157 1865 1262 1937 ἐγώ
1286 1872 1414 1932 σοῦ;
1453 1864 1525 1920 σὺ
1560 1865 1662 1936 μὲν
1699 1862 1807 1935 γὰρ

130 1947 221 2018 ἐμὲ
242 1946 352 2020 φῂς
371 1944 454 2003 ἀεὶ
473 1945 643 2003 ταύτὰ
664 1949 860 2019 λέγειν,
882 1950 973 2004 καὶ
991 1953 1192 2020 μέμφει
1210 1970 1305 2019 μοι
1318 1970 1328 1980 ·
1351 1945 1458 2017 ἐγώ
1477 1947 1534 2002 δὲ
1552 1952 1656 2002 σοῦ
1676 1943 1809 2002 τού-

132 2037 376 2098 ναντίον,
398 2029 482 2086 ὅτι
501 2029 765 2087 οὐδέποτε
783 2029 954 2087 ταύτὰ
976 2035 1147 2103 λέγεις
1168 2032 1421 2102 περὶτῶν
1439 2028 1643 2096 αὐτῶν,
1665 2027 1804 2085 ἀλλὰ

132 2112 252 2167 τοτὲ
280 2114 381 2182 μὲν
409 2110 540 2177 τούς
569 2118 818 2183 βελτίους
848 2136 905 2170 τε
934 2116 1024 2170 καὶ
1053 2119 1333 2183 κρείττους
1362 2110 1493 2178 τούς
1522 2112 1806 2183 ἰσχυροτέ-
1840 2129 1870 2172 G

135 2214 269 2261 ρους
289 2190 516 2261 ώρίζου,
554 2188 724 2259 αὖθις
755 2195 814 2251 δὲ
842 2193 974 2261 τοὺς
1004 2198 1480 2266 φρονιμωτέρους,
1519 2201 1627 2250 νῦν
1657 2192 1712 2250 δ’
1735 2183 1803 2248 αὖ

132 2278 325 2345 ἕτερόν
344 2300 393 2331 τι
411 2275 561 2347 ἥκεις
578 2283 719 2348 ἔχων
733 2301 743 2311 ·
764 2278 1144 2350 ἅνδρειότεροί
1154 2300 1297 2343 τινες
1313 2276 1420 2334 ὑπὸ
1438 2283 1542 2333 σοῦ
1558 2279 1809 2348 λέγονται

135 2363 192 2416 οἱ
208 2366 488 2427 κρείττους
508 2362 598 2415 καὶ
618 2363 675 2415 ol
689 2365 955 2432 βελτίους.
975 2361 1119 2427 ἀλλ’,
1153 2355 1196 2416 ὦ
1215 2360 1377 2431 ’γαθέ
1385 2403 1400 2430 ,
1438 2357 1611 2416 εἰπών
1629 2358 1809 2415 ἀπαλ-

133 2442 366 2513 λάγηθι,
405 2448 556 2506 τίνας
585 2442 712 2498 ποτὲ
734 2445 907 2512 λέγεις
924 2445 1054 2507 τούς
1072 2448 1324 2515 βελτίους
1341 2463 1398 2498 τε
1418 2442 1511 2498 καὶ
1529 2445 1811 2511 κρείττους

133 2525 224 2580 καὶ
248 2529 322 2587 εἰς
342 2522 374 2577 ὅ
399 2546 463 2578 τι.

275 2611 447 2662 ΚΑΛ.
500 2603 646 2661 Ἀλλ’
681 2607 871 2678 εἴρηκά
901 2628 962 2677 γε
982 2612 1150 2677 ἔγωγε
1170 2605 1299 2672 τούς
1318 2611 1626 2678 φρονίμους
1647 2608 1722 2668 εἰς
1745 2601 1812 2659 τὰ

134 2693 228 2757 τῆς
257 2687 470 2752 πόλεως
500 2688 791 2759 πράγματα
823 2690 913 2745 καὶ
933 2688 1234 2758 ἀνδρείους.
1266 2689 1498 2752 τούτους
1514 2685 1622 2759 γὰρ
1643 2707 1811 2756 προς·
1837 2704 1872 2746 D

136 2766 256 2838 ήκει
274 2775 389 2824 τῶν
407 2769 627 2825 πόλεων
650 2770 854 2840 ἄρχειν,
876 2772 967 2827 καὶ
985 2770 1046 2826 τό
1068 2775 1282 2827 δίκαιον
1301 2768 1452 2827 τοῦτ’
1475 2773 1614 2840 ἐστί,
1646 2771 1813 2824 πλέον

139 2852 283 2918 ἔχειν
298 2850 531 2917 τούτους
549 2858 662 2907 τοῖν
678 2851 882 2917 ἄλλων,
904 2852 1033 2916 τοὺς
1051 2851 1322 2924 ἄρχοντας
1341 2858 1452 2907 τῶν
1471 2849 1794 2922 ἀρχομένων
