1962 3112
0 0 748 32 wenna-:w·-n,-⁴†ae-,na‚‹7=sr·r-·=
779 0 909 27 ww
951 0 1058 18 ηψπ
1206 0 1230 8 ν-

49 133 111 179 95
598 121 764 171 ΠΡΩ
782 122 987 171 ΤΑΓο
1006 122 1150 169 ΡΑΣ
1206 85 1210 90 ’
1619 109 1723 163 183

59 268 169 315 λων
197 274 398 330 σχεσον
423 281 477 314 τι
499 278 614 313 των
642 276 968 326 παροντων,
1002 253 1160 324 μόγις
1180 272 1550 323 προυτρεπετο
1571 259 1646 317 εἰς
1665 275 1718 309 τ.

57 344 408 412 διαλέγεσθαι
435 342 526 395 καὶ
557 339 810 394 ἐκέλευεν
836 338 1051 409 ἐρωτᾷν
1078 333 1252 390 αὐτὸν
1283 332 1358 400 ώς
1385 332 1696 402 ἀποκρινού
1723 373 1726 375 -

54 444 232 493 μενος.

196 509 421 559 XXXIII.
495 501 675 558 Εἶπον
710 498 776 570 δὴ
816 499 950 570 ἐγώ,
980 493 1045 553 Ὦ
1082 497 1455 569 Πρωταγόρα,
1493 495 1567 569 μὴ
1606 505 1730 554 οἴου

55 588 414 656 διαλέγεσθαί
425 587 495 655 μέ
510 602 598 638 σοι
628 581 763 637 ἄλλο
783 604 835 636 τι
863 580 1214 652 βουλόμενον
1240 576 1275 650 ἢ
1297 577 1332 633 δι’
1350 576 1519 643 αὐτὸς
1537 576 1732 650 ἀποροῖ

56 668 329 737 ἑκάστοτε,
341 673 512 721 ταῦτα
533 665 951 730 διασκέψασθαι.
990 659 1232 732 ἡγοῦμαι
1250 658 1358 730 γάρ
1378 660 1530 738 πάνυ
1549 663 1730 731 λέγειν

52 770 106 804 τι
119 745 468 818 τὸνὍμηρον
485 745 547 802 τὸ

197 828 306 883 σύν
325 849 383 883 τε
404 826 491 883 δύ’
511 830 803 898 ἐρχομένω,
823 831 920 882 καί
933 847 992 881 τε
1012 822 1118 893 πρὸ
1143 821 1175 879 ὃ
1196 831 1299 880 τοῦ
1317 825 1562 896 ἐνόησεν.
1758 835 1792 876 D

55 910 429 981 εὐπορώτεροι
457 909 563 979 γάρ
592 930 708 973 πως
736 907 973 972 ἅπαντές
1000 909 1166 977 ε’σμεν
1186 909 1242 961 οί
1267 905 1564 977 ἅνθρωποι
1590 905 1731 978 πρὸς

54 990 207 1047 ἅπαν
225 996 392 1062 ἔργον
410 994 500 1046 καὶ
531 991 703 1061 λόγον
731 991 821 1046 καὶ
842 988 1118 1059 διανόημα
1132 1010 1143 1020 ·
1184 995 1394 1059 μοῦνος
1422 986 1475 1044 δ’
1497 997 1649 1059 εἴπερ
1670 1010 1729 1045 τε

54 1072 257 1145 νοήσῃ,
299 1071 495 1129 αὐτίκα
530 1070 761 1142 περιιών
798 1076 945 1142 ζητεῖ
974 1069 1083 1143 ὅτῳ
1123 1073 1448 1141 ἐπιδείξηται
1475 1073 1566 1127 καὶ
1604 1068 1727 1142 μεθ’

56 1154 190 1211 ὅτου
207 1154 600 1227 βεβαιώσηται,
638 1155 739 1218 ἕως
757 1149 829 1208 ἀν
846 1153 1062 1224 ἐντύχῃ.
1115 1150 1300 1219 ὥσπερ
1321 1154 1414 1208 καὶ
1434 1151 1540 1223 ἐγώ
1563 1153 1726 1208 ἕνεκα

54 1237 259 1293 τούτου
279 1237 366 1292 σοὶ
385 1234 558 1306 ἡδέως
577 1237 894 1305 διαλέγομαι
913 1241 1126 1305 μᾶλλον
1144 1229 1180 1304 ἦ
1209 1232 1358 1308 ἄλλῳ
1380 1243 1516 1306 τινί,
1551 1232 1728 1306 ἡγού-

55 1318 221 1390 μενός
250 1334 311 1372 σε
339 1314 566 1389 βέλτιστ’
601 1313 671 1372 ἂν
701 1319 1102 1382 ἐπισκέψασθαι
1131 1318 1222 1371 καὶ
1250 1318 1373 1386 περὶ
1397 1323 1511 1371 τῶν
1541 1314 1729 1372 ἄλλων

57 1402 182 1468 περὶ
211 1392 292 1454 ὦν
323 1397 468 1463 εἰκὸς
496 1406 827 1454 σκοπεῖσθαι
855 1397 955 1453 τὸν
980 1400 1218 1469 ἐπιεικῆ,
1260 1400 1349 1454 καὶ
1379 1396 1445 1469 δὴ
1484 1401 1575 1455 καὶ
1605 1400 1730 1467 περὶ
1760 1414 1792 1454 Ε

54 1481 269 1553 ἀρετῆς.
325 1487 448 1537 τίνα
466 1479 575 1552 γάρ
597 1481 770 1538 ἄλλον
801 1479 838 1552 ἦ
867 1483 930 1536 σέ
940 1504 954 1546 ;
993 1480 1054 1546 ὅς
1073 1503 1135 1551 γε
1156 1479 1225 1537 οὐ
1244 1482 1420 1553 μόνον
1439 1480 1608 1548 αὐτὸς
1627 1491 1730 1539 οἱέι

56 1563 223 1629 καλὸς
241 1563 491 1635 κάγαθὸς
511 1563 676 1634 εἶναι,
709 1562 895 1631 ὥσπερ
914 1564 1056 1628 τινὲς
1084 1562 1242 1619 ἄλλοι
1262 1562 1419 1620 αὐτοὶ
1439 1564 1542 1635 μὲν
1560 1566 1731 1620 ἐπιεικ-

57 1657 168 1710 κεῖς
187 1650 352 1714 εἰσίν,
373 1645 575 1710 ἄλλους
594 1648 652 1700 δὲ
671 1644 740 1700 οὐ
760 1643 1027 1700 δύνανται
1045 1655 1246 1700 ποιεῖν·
1285 1643 1356 1699 σύ
1378 1645 1436 1700 δὲ
1455 1647 1545 1701 καὶ
1565 1644 1731 1711 αὐτὸς

57 1724 273 1796 ἀγαθὸς
294 1724 341 1782 εἷ
361 1730 452 1782 καὶ
472 1727 675 1792 ἄλλους
694 1722 810 1792 οἷός
827 1724 869 1782 τ’
893 1725 942 1781 εἶ
957 1737 1135 1781 ποιεῖν
1154 1723 1431 1795 ἀγαθούς.
1469 1728 1561 1784 καὶ
1582 1726 1729 1782 οὕτω

58 1813 422 1874 πεπίστευκας
441 1816 654 1883 σαυτῷ,
694 1807 835 1863 ὥστε
863 1810 954 1863 καὶ
975 1806 1162 1864 ἄλλων
1181 1807 1387 1879 ταύτην
1413 1830 1516 1879 την
1534 1817 1731 1880 τέχνην

57 1888 568 1962 ἀποκρυπτομένων
588 1891 660 1946 σύ
690 1889 736 1961 γ’
758 1888 1093 1961 ἀναφανδὸν
1113 1891 1352 1947 σεαυτὸν
1375 1890 1730 1963 ὑποκηρυξά-
1758 1903 1844 1951 349

60 1993 223 2043 μενος
242 1977 317 2038 εἰς
336 1974 546 2039 πάντας
576 1971 709 2038 τούς
733 1972 1028 2043 Ἕλληνας,
1061 1973 1335 2044 σοφιστὴν
1364 1973 1730 2045 ἐπονομάσας,

60 2053 296 2109 σεαυτόν
326 2052 615 2127 ἀπέφηνας
644 2055 984 2119 παιδεύσεως
1015 2057 1107 2110 καὶ
1145 2053 1342 2126 ἀρετῆς
1374 2055 1730 2125 διδάσκαλον,

59 2145 276 2207 πρῶτος
303 2140 509 2195 τούτου
538 2140 750 2212 μισθὸν
780 2139 1015 2206 ἀξιώσας
1044 2141 1340 2209 ἄρνυσθαι.
1399 2146 1517 2204 πῶς
1538 2132 1643 2193 οὖν
1662 2136 1733 2193 οὔ

61 2239 121 2276 σε
150 2228 288 2292 χρῆν
318 2231 658 2292 παρακαλεῖν
691 2226 778 2279 ἐπὶ
806 2223 909 2295 τὴν
938 2214 1153 2280 τούτων
1187 2227 1382 2290 σκέψιν
1401 2226 1490 2278 καὶ
1522 2225 1734 2295 ἐρωτᾷν

60 2305 151 2359 καὶ
181 2301 652 2371 ἀνακοινοῦσθαι;
683 2304 786 2361 ούκ
815 2305 928 2362 ἐσθ’
952 2305 1101 2371 ὅπως
1132 2302 1215 2360 οὔ.
1272 2307 1362 2360 καὶ
1393 2311 1502 2359 νῦν
1528 2304 1595 2376 δὴ
1626 2301 1733 2374 ἐγώ

63 2387 258 2454 ἐκεῖνα,
280 2383 420 2455 ἅπερ
442 2385 502 2441 τὸ
525 2393 747 2453 πρῶτον
765 2385 999 2458 ἠρώτων
1017 2391 1142 2457 περὶ
1161 2387 1404 2456 τούτων,
1427 2385 1597 2442 πάλιν
1614 2387 1735 2442 ἐπι-

59 2473 229 2538 θυμοῦ
258 2470 311 2532 ἐξ
341 2465 510 2537 ἀρχῆς
535 2468 602 2522 τά
632 2468 735 2538 μὲν
762 2467 1192 2540 ἀναμνησθῆναι
1221 2468 1369 2538 παρά
1402 2474 1534 2538 σοῦ,
1577 2465 1643 2522 τά
1675 2467 1734 2524 δὲ

62 2552 592 2614 συνδιασκέψασθαι.
639 2543 714 2620 ἦν
732 2552 816 2619 δέ,
858 2548 931 2614 ὥς
949 2543 1181 2624 ἐγῷμαι,
1222 2551 1283 2607 τό
1305 2550 1559 2622 ἐρώτημα
1578 2549 1730 2605 τόδε·
1761 2566 1792 2606 Β

61 2635 230 2699 σοφία
266 2633 358 2686 καὶ
397 2632 739 2702 σωφροσύνη
773 2633 863 2687 καὶ
902 2630 1128 2703 ἀνδρεία
1162 2634 1254 2689 καὶ
1291 2631 1611 2702 δικαιοσύνη
1641 2631 1732 2688 καὶ

60 2706 296 2781 ὁσιότης,
310 2712 549 2781 πότερον
567 2720 756 2783 ταῦτα,
772 2716 931 2769 πέντε
944 2711 1076 2770 ὄντα
1088 2713 1350 2786 ὀνόματα,
1365 2716 1449 2771 ἐπὶ
1462 2715 1541 2771 ἑνὶ
1553 2713 1733 2785 πράγ-

60 2795 193 2860 ματί
225 2794 403 2859 ἐστιν,
461 2790 497 2864 ἦ
519 2795 730 2869 ἑκάστῳ
752 2801 865 2849 τῶν
895 2793 1187 2866 ὀνομάτων
1215 2797 1428 2853 τούτων
1448 2794 1737 2852 ὑπόκειταί
