2020 3094
739 104 1040 154 ΛΛΧΗΣ.
1669 99 1737 152 53

197 248 322 299 ΣΩ.
380 241 584 299 Βούλει
626 232 733 294 οὖν
764 240 855 295 καὶ
886 242 1094 294 Νικίαν
1127 236 1291 294 τόνδε
1329 243 1738 309 παρακαλῶμεν

56 325 139 380 ἐπὶ
163 322 222 379 τὸ
243 324 575 395 κυνηγέσιον
588 364 603 391 ,
631 329 686 377 εἴ
699 343 750 376 τι
768 318 928 391 ἡμῶν
952 317 1331 390 εὐπορώτερος
1350 321 1523 382 ἐστινς

195 411 311 461 ΛΑ.
364 404 676 475 Βούλομαι·
714 409 829 467 πῶς
846 401 953 473 γὰρ
974 400 1067 465 οὕς
1769 414 1800 455 C

194 492 350 542 xxn.
419 491 542 541 ΣΩ.
585 484 700 541 Ἴθι
729 485 825 554 δή,
865 478 912 538 εὖ
936 490 1134 553 Naum,
1172 482 1407 554 ἀνδράσι
1425 490 1608 557 φίλοις
1624 504 1735 554 χει-

53 571 376 639 μαζομένοις
395 572 456 624 ἐν
479 568 627 641 λόγῳ
654 569 745 622 καὶ
763 564 1040 635 ἀποροῦσι
1061 566 1371 637 βοήθησον,
1392 574 1445 623 εἰ
1457 588 1582 622 τινα
1601 569 1737 637 ἔχεις

55 649 311 720 δύναμιν.
350 650 418 704 τὰ
444 649 546 720 μὲν
576 646 682 718 γὰρ
714 645 781 718 δὴ
809 645 1047 719 ἡμέτερα
1079 645 1215 721 ὁρᾷς
1246 647 1320 713 ὦς
1339 647 1547 720 ἄπορά
1587 647 1659 702 σύ
1680 645 1732 702 δ’

54 729 226 787 εἰπών
244 729 280 786 ὅ
296 754 348 786 τι
366 729 493 802 ἡγεῖ
505 728 769 798 ἀνδρείαν
788 730 945 802 εἶναι,
964 730 1110 802 ἡμᾶς
1129 753 1186 786 τε
1206 738 1300 802 τῆς
1318 729 1553 803 ἀπορίας
1571 736 1736 788 ἔκλυ-

54 833 146 871 σαι
164 816 257 871 καὶ
276 813 444 879 αὐτὸς
463 812 498 870 ἃ
521 826 666 880 νοεῖς
687 821 764 887 τῷ
786 815 934 888 λόγῳ
955 819 1270 886 βεβαίωσαι.

0 953 1 972 ¹
196 902 301 952 NI.
350 905 581 953 Δοκεῖτε
605 904 799 952 τοίνυν
816 918 910 967 μοι
929 897 1096 952 πάλαι
1117 895 1186 952 οὐ
1205 903 1405 969 καλῶς,
1427 890 1474 952 ὦ
1493 895 1734 965 Σώκρα-

0 997 2 1019 ²
53 1001 168 1050 τες,
209 976 491 1048 ὁρίζεσθαι
518 976 623 1050 τὴν
653 977 942 1049 ἀνδρείαν·
980 976 1012 1035 ὂ
1041 978 1146 1051 γὰρ
1177 979 1281 1051 ἐγώ
1306 985 1411 1035 σοῦ
1428 978 1534 1051 ἤδη
1554 984 1735 1043 καλῶς

0 1079 1 1111 1
52 1062 309 1131 λέγοντος
333 1060 572 1133 α’κήκοα,
593 1061 770 1135 τούτῳ
791 1059 861 1117 οὐ
879 1069 1103 1132 χρῆσθε.

194 1148 319 1199 ΣΩ.
368 1148 523 1217 Ποίῳ
545 1143 641 1214 δή,
665 1137 710 1198 ὦ
732 1149 931 1211 Νικίας

194 1231 294 1282 ΝΙ.
343 1226 620 1291 Πολλάκις
641 1223 853 1297 άκήκοά
873 1242 979 1282 σου
998 1227 1272 1299 λέγοντος,
1293 1227 1378 1284 ὅτι
1399 1233 1573 1282 ταῦτα
1595 1225 1733 1298 ἆγα-
1764 1239 1800 1281 D

49 1307 158 1374 θὸς
175 1310 403 1374 ἕκαστος
420 1307 607 1382 ἡμῶν,
647 1307 790 1379 ὅπερ
811 1310 1012 1381 σοφός,
1051 1307 1087 1364 ὁὶ
1106 1308 1164 1365 δὲ
1191 1306 1441 1382 ἀμαθής,
1479 1315 1654 1366 ταῦτα
1675 1310 1734 1365 δὲ

50 1413 235 1458 κακος.

194 1480 320 1531 ΣΩ.
365 1473 574 1547 Ἀληθῆ
592 1477 781 1547 μέντοι
800 1474 869 1547 νὴ
889 1481 1002 1532 Δία
1018 1474 1219 1547 λέγεις,
1243 1469 1288 1531 ὦ
1306 1480 1491 1531 Νικία.

192 1563 294 1614 ΝΙ.
354 1555 584 1613 Οὐκοῦν
619 1565 773 1628 εἴπερ
804 1554 833 1612 ὁ
875 1555 1128 1626 άνδρεϊος
1162 1554 1403 1628 ἀγαθός,
1448 1561 1622 1628 δῆλον
1650 1556 1734 1613 ὅτι

51 1640 226 1711 σοφός
245 1641 407 1695 ἐστιν,

194 1727 319 1777 ΣΩ.
351 1720 659 1791 Ἤκουσας,
682 1714 729 1776 ὦ
748 1721 958 1792 Λάχης;

194 1809 310 1859 ΛΑ.
354 1802 590 1874 ’Ὲγωγε,
610 1804 701 1859 καὶ
721 1799 791 1858 οὐ
810 1803 1027 1875 σφόδρα
1051 1825 1113 1874 γε
1132 1802 1409 1875 μανθάνω
1430 1800 1459 1859 ὃ
1479 1805 1639 1873 λέγει.

196 1890 319 1942 ΣΩ.
373 1882 520 1940 Ἀλλ’
541 1884 649 1955 ἐγώ
669 1888 818 1940 δοκῶ
833 1884 1174 1956 μανθάνειν,
1196 1890 1294 1941 καί
1307 1907 1400 1957 μοι.
1419 1889 1575 1941 δοκεῖ
1589 1881 1730 1955 ἀνὴρ

50 1974 258 2040 σοφίαν
276 1966 399 2024 τινὰ
418 1965 521 2038 τήν
546 1965 811 2037 ἀνδρείαν
829 1969 1025 2038 λέγειν.

190 2057 311 2108 ΛΑ.
362 2055 566 2117 Ποίαν,
590 2043 635 2105 ὦ
651 2051 973 2122 Σώκρατες,
994 2054 1228 2121 σοφίαν;

190 2139 314 2189 ΣΩ.
373 2129 603 2188 Οὐκοῦν
621 2131 786 2187 τόνδε
804 2137 967 2188 τοῦτο
994 2134 1226 2206 ἐρωτᾷςς
1761 2142 1794 2183 Ε

191 2221 307 2271 ΛΑ.
353 2214 572 2284 ’ἱῦγωγε

190 2302 315 2354 ΣΩ.
358 2295 471 2353 Ἴθι
497 2296 590 2368 δή,
633 2294 787 2370 αὐτῷ
805 2299 924 2352 εἰπέ
933 2339 948 2367 ,
992 2289 1036 2352 ὦ
1055 2300 1254 2366 Νικία,
1292 2300 1422 2350 ποία
1439 2298 1610 2365 σοφία
1629 2290 1733 2349 ἆν-

49 2382 203 2448 δρεία
233 2374 305 2435 ἄν
335 2387 417 2450 εἴη
450 2377 587 2434 κατὰ
614 2379 715 2434 τὸν
746 2378 848 2434 σὸν
878 2377 1064 2448 λόγον.
1105 2375 1175 2433 οὐ
1202 2377 1311 2448 γάρ
1334 2397 1445 2431 που
1475 2373 1514 2447 ἥ
1541 2396 1603 2447 γε
1627 2373 1731 2430 αὐ-

50 2459 256 2531 λητική.

194 2549 294 2599 ΝΙ.
353 2542 642 2615 Οὐδαμῶς.

186 2630 311 2681 ΣΩ.
374 2622 520 2683 Οὐδὲ
540 2623 653 2697 μὴν
670 2622 703 2696 ἡ
725 2624 1087 2698 κιθαριστική.

192 2713 292 2766 ΝΙ.
347 2706 433 2764 Οὐ
453 2711 604 2780 δῆτα.

193 2795 317 2846 ΣΩ.
370 2789 527 2846 Ἀλλὰ
547 2797 628 2857 τίς
648 2789 713 2863 δὴ
744 2789 884 2862 αὕτη
905 2787 943 2863 ἦ
962 2794 1112 2856 τίνος
1132 2787 1424 2861 ἐπιστήμῃ
