2020 3094
790 145 1091 193 ΛΑΧΗΣ.
1708 132 1781 194 49

96 282 155 336 οί
169 277 225 335 δ’
254 282 316 335 ἐν
345 279 542 350 φόβοις
559 277 662 350 τὴν
682 276 946 348 ἀνδρείαν
974 279 1290 349 κέκτηνται·
1324 279 1382 334 οἱ
1411 279 1476 333 δέ
1498 286 1563 352 γ’,
1608 280 1775 353 οἶμαι,

97 365 308 418 δειλίαν
325 362 388 417 ἐν
405 372 518 425 τοῖς
536 359 723 426 αὐτοῖς
740 361 972 426 τούτοις.

233 448 352 500 ΛΑ.
409 442 574 497 Πάνυ
591 463 668 512 γε.

235 530 360 581 ΣΩ.
419 530 488 580 Τί
509 544 641 580 ποτε
671 519 741 579 ὂν
769 523 1029 594 ἕκατερον
1055 523 1297 595 τούτων,
1329 529 1492 580 τοῦτο
1524 527 1780 582 ἐπυνθα-

95 606 292 678 νόμην.
364 606 535 661 πάλιν
573 598 681 660 οὖν
715 611 888 675 πειρῶ
927 610 1101 661 εἰπεῖν
1137 604 1401 676 ἀνδρείαν
1439 613 1688 679 πρῶτον,
1726 613 1784 663 τί

94 684 165 743 ὂν
193 689 254 744 ἐν
283 693 419 743 πᾶσι
437 686 655 752 τούτοις
671 684 877 742 ταύτόν
898 688 1071 742 ἐστιν·
1092 685 1125 758 ἢ
1148 686 1305 743 οὔπω
1326 688 1780 759 καταμανθάνεις

95 766 130 824 ὃ
147 770 315 840 λέγω;

235 856 351 907 ΛΑ.
410 847 496 906 Οὐ
516 851 667 906 πάνυ
686 874 751 906 τι.

234 938 367 988 xlx.
442 938 567 989 ΣΩ.
618 931 754 989 Ἀλλ’
778 927 885 990 ὦδε
905 936 1064 1005 λέγω,
1086 932 1270 1006 ὥσπερ
1290 930 1361 989 ἄν
1381 939 1433 990 εί
1446 933 1609 1005 τάχος
1628 932 1780 1006 ἠρώ-
1812 937 1896 984 192

92 1036 207 1070 των
233 1020 291 1070 τί
314 1012 430 1071 ποτ’
451 1017 627 1083 ἐστίν,
665 1012 698 1070 ὃ
716 1017 807 1071 καὶ
827 1017 888 1072 ἐν
916 1023 995 1089 τῷ
1026 1019 1237 1087 τρέχειν
1265 1015 1526 1088 τυγχάνει
1555 1011 1625 1073 ὂν
1645 1014 1779 1088 ἡμῖν

93 1098 186 1152 καὶ
205 1097 266 1152 ἐν
294 1102 374 1169 τῷ
391 1101 698 1166 κιθαρίζειν
721 1099 814 1153 καὶ
841 1099 902 1153 ἐν
930 1105 1009 1172 τῷ
1027 1099 1209 1169 λέγειν
1237 1100 1329 1153 καὶ
1359 1100 1419 1153 ἐν
1437 1103 1514 1172 τῷ
1550 1097 1778 1170 μανθά-

94 1199 215 1234 νειν
233 1179 325 1233 καὶ
344 1180 405 1234 ἐν
423 1177 610 1243 ἄλλοις
629 1185 882 1250 πολλοῖς,
921 1181 1012 1235 καὶ
1041 1179 1241 1250 σχεδόν
1259 1201 1312 1235 τι
1340 1177 1476 1235 αὐτὸ
1508 1179 1778 1251 κεκτήμε-

92 1268 192 1330 θα,
214 1253 287 1316 οὗ
303 1261 395 1316 καὶ
414 1262 538 1332 πέρι
557 1259 714 1327 ἄξιον
733 1264 941 1332 λέγειν,
992 1258 1024 1332 ἦ
1045 1263 1107 1317 ἐν
1135 1273 1254 1326 ταῖς
1279 1267 1392 1316 τῶν
1412 1268 1614 1333 χειρῶν
1632 1260 1780 1330 πρά-

93 1344 243 1409 ξεσιν
259 1338 296 1414 ἦ
314 1349 530 1398 σκελῶν
551 1339 584 1414 ἢ
603 1341 873 1414 στόματός
884 1364 942 1398 τε
955 1345 1045 1398 καὶ
1058 1348 1250 1414 φωνῆς
1273 1338 1305 1413 ἦ
1326 1346 1572 1409 διανοίας
1589 1365 1601 1377 ·
1623 1339 1659 1416 ἦ
1677 1342 1779 1414 οὐχ

95 1422 244 1479 οὕτω
263 1425 356 1479 καὶ
380 1424 452 1479 σύ
477 1429 677 1495 λέγειςς

232 1511 350 1562 ΛΑ.
404 1507 569 1562 Πάνυ
590 1529 664 1577 γε.

236 1594 363 1645 ΣΩ.
416 1594 486 1645 Εἰ
503 1595 699 1645 τοίνυν
717 1594 796 1654 τίς
814 1610 880 1660 με
900 1593 1104 1659 ἔροιτο·
1127 1583 1172 1645 ὦ
1191 1588 1504 1661 Σώκρατες,
1524 1595 1581 1646 τί
1604 1594 1780 1661 λέγεις

100 1675 287 1739 τοῦτο,
325 1665 355 1724 ὃ
386 1671 447 1725 ἐν
478 1676 652 1725 πᾶσιν
682 1669 968 1741 ὀνομάζεις
987 1678 1260 1742 ταχυτῆτα
1280 1669 1446 1739 εἷναι;
1487 1670 1682 1743 εἴποιμ’
1705 1669 1780 1728 ὅίν

94 1749 263 1826 αὐτῷ,
282 1750 368 1807 ὅτι
386 1750 490 1822 τὴν
507 1754 569 1808 ἐν
590 1751 756 1827 ὀλίγῳ
775 1752 958 1827 χρόνῳ
980 1754 1156 1809 πολλὰ
1176 1756 1653 1826 διαπραττομένην
1674 1755 1779 1810 δύ-
1810 1762 1842 1802 Β

93 1855 262 1905 ναμιν
279 1841 553 1906 ταχυτῆτα
573 1839 743 1906 ἔγωγε
758 1840 910 1891 καλῶ
931 1836 1022 1891 καὶ
1042 1837 1166 1904 περὶ
1186 1834 1385 1908 φωνὴν
1395 1838 1485 1892 καὶ
1504 1837 1627 1907 περὶ
1641 1836 1777 1905 δρό-

94 1936 201 1987 μον
219 1917 312 1972 καὶ
331 1919 455 1987 περὶ
473 1910 644 1973 τᾶλλα
664 1918 859 1978 πάντα.

231 2004 351 2055 ΛΑ.
402 1996 615 2070 Ὀρθῶς
633 2022 694 2070 γε
717 1998 786 2055 σύ
805 2005 994 2071 λέγων.

236 2087 359 2139 ΣΩ.
414 2088 600 2154 Πειρῶ
622 2081 688 2154 δὴ
711 2085 802 2140 καὶ
825 2083 924 2155 σύ,
949 2077 993 2139 ὦ
1017 2082 1231 2154 Λάχης,
1261 2083 1365 2155 τὴν
1386 2081 1648 2155 άνδρείαν
1671 2084 1774 2141 οὕ-

93 2186 199 2229 τως
234 2170 432 2235 εἰπεῖν,
467 2170 547 2231 τίς
588 2159 729 2221 οὖσα
768 2167 1002 2236 δύναμις
1029 2163 1065 2236 ἡ
1106 2163 1245 2236 αὐτὴ
1278 2167 1340 2220 ἐν
1371 2162 1552 2238 ἡδονῇ
1583 2170 1675 2222 καὶ
1717 2170 1777 2223 ἐν

94 2247 243 2319 λύπῃ
261 2250 353 2304 καὶ
372 2251 434 2304 έν
454 2246 662 2304 ἅπασιν
681 2243 761 2314 οἷς
778 2255 888 2304 νῦν
902 2247 967 2321 δὴ
992 2251 1250 2319 ἐλέγομεν
1271 2245 1446 2318 αὐτὴν
1460 2246 1616 2320 εἶναι,
1630 2253 1778 2305 ἔπει-

16 2346 19 2351 ·
91 2351 158 2385 τα
180 2327 408 2400 ἀνδρεία
429 2332 700 2402 κέκληται.

16 2485 17 2490 ,
234 2418 352 2468 ΛΑ.
405 2419 585 2468 Δοκεῖ
597 2418 790 2469 τοίνυν
807 2435 902 2485 μοι
922 2420 1180 2486 καρτερία
1203 2436 1282 2479 τις
1305 2413 1446 2470 εἶναι
1464 2421 1559 2486 τῆς
1577 2421 1772 2487 ψυχῆς,

15 2513 18 2520 ’
91 2497 143 2550 εἰ
156 2492 220 2550 τό
239 2516 301 2565 γε
322 2495 411 2551 διὰ
431 2495 659 2551 πάντων
681 2498 805 2566 περὶ
829 2494 1085 2566 ἀνδρείας
1105 2494 1354 2568 πεφυκὸς
1375 2500 1463 2554 δεῖ
1477 2502 1664 2555 εἰπεῖν.

230 2582 355 2634 ΣΩ.
408 2575 570 2634 ’And
604 2577 716 2650 μὴν
744 2582 853 2650 δεῖ,
892 2587 944 2636 εἰ
968 2601 1031 2650 γε
1062 2579 1123 2636 τὸ
1155 2580 1517 2652 ἐρωτώμενον
1536 2576 1772 2650 άποκρι-
1804 2588 1834 2630 G

92 2658 344 2731 νούμεθα
367 2657 498 2733 ἡμῖν
516 2660 719 2727 αὐτοῖς.
764 2668 928 2718 τοῦτο
948 2666 1142 2719 τοίνυν
1160 2667 1342 2734 ἔμοιγε
1363 2667 1644 2734 φαίνεται,
1686 2661 1772 2718 ὅτι

12 2815 13 2818 ¹
88 2737 160 2796 οὐ
178 2740 328 2798 πᾶσά
345 2763 439 2813 γε,
471 2740 544 2809 ὥς
562 2737 799 2819 ἐγῷμαι,
831 2749 1087 2818 καρτερία
1116 2742 1343 2814 α’νδρεία
1374 2761 1462 2800 σοι
1492 2749 1771 2815 φαίνεται·

229 2831 382 2880 mro
414 2833 485 2880 111.
1490 2841 1518 2885 4
