2020 3094
755 114 1059 162 ΛΑΧΗΣ.
1679 108 1747 162 51

73 258 326 321 κρείττω,
362 254 564 305 τοῦτον
594 246 695 302 τόν
722 244 857 317 μετὰ
885 252 983 316 τῆς
1011 244 1268 317 τοιαύτης
1298 247 1623 318 φρονήσεως
1656 246 1749 302 καὶ

70 339 422 404 παρασκευῆς
457 335 835 400 καρτεροῦντα
865 325 1257 399 ἀνδρειότερον
1286 322 1360 383 ἄν
1390 332 1556 398 φαίης
1581 322 1620 398 ἦ
1650 324 1749 382 τὸν

70 418 134 474 ἐν
161 437 237 471 τω
275 417 507 488 ἐναντίω
538 412 888 482 στρατοπέδω
929 410 1195 465 ἐθέλοντα
1231 406 1533 479 ὑπομένειν
1567 427 1626 462 τε
1660 408 1753 463 καὶ

66 508 381 568 καρτερεῖνς

212 584 329 635 ΛΑ.
393 575 507 632 Τὸν
525 578 587 632 έν
605 581 684 648 τῷ
702 576 950 645 ἐναντίῳ,
970 575 1152 643 ἔμοιγε
1174 575 1349 641 δοκεῖ,
1372 595 1415 628 ω
1395 565 1732 641 Σώκρατες
1779 587 1812 629 Β

8 727 9 731 ¹
213 664 338 716 ΣΩ.
392 655 550 714 Ἀλλᾶ
585 654 700 727 μὴν
729 652 1113 725 ἀφρονεστέρα
1141 676 1203 724 γε
1235 652 1270 725 ἡ
1299 654 1504 710 τούτου
1530 650 1568 726 ἢ
1596 651 1630 726 ἡ
1649 658 1750 710 τοῦ

6 739 9 762 ⁷
70 742 261 813 ἑτέρου
278 743 551 810 καρτερία.

211 829 330 879 ΛΑ.
381 821 583 893 Ἀληθῆ
602 824 790 892 λέγεις.

215 910 343 962 ΣΩ.
397 905 507 960 Καὶ
534 903 634 959 τόν
662 900 780 974 μετ’
813 900 1108 973 ἐπιστήμης
1142 899 1251 970 ἄρα
1292 904 1518 973 ἱππικῆς
1553 923 1751 972 καρτε-

76 995 286 1058 ροῦντα
314 991 376 1045 ἐν
406 992 708 1061 ἱππομαχίᾳ
736 980 905 1059 ἧττον
933 986 1127 1058 φήσεις
1155 984 1416 1057 ἀνδρεῖον
1434 985 1575 1043 εἶναι
1596 982 1634 1059 ἦ
1652 986 1752 1043 τὸν

72 1073 212 1129 ἄνευ
231 1072 544 1144 ἐπιστήμης.

214 1162 330 1211 ΑΛ.
373 1152 597 1226 ’Έμοιγε
617 1158 782 1210 δοκεῖ.

216 1242 339 1294 ΣΩ.
389 1239 500 1293 Καὶ
518 1234 620 1292 τόν
636 1234 770 1307 μετὰ
788 1239 1226 1308 σφενδονητικῆς
1243 1232 1280 1308 ἢ
1298 1239 1513 1307 τοξικῆς
1528 1231 1566 1306 ἢ
1586 1233 1752 1307 ἄλλης
1783 1250 1815 1292 G

73 1320 223 1386 τινὸς
241 1323 431 1390 τέχνης
448 1325 840 1387 καρτεροῦντα.

214 1410 332 1459 ΛΑ.
383 1402 550 1457 Πάνυ
566 1423 644 1472 γε.

214 1489 339 1541 ΣΩ.
395 1485 506 1540 Καὶ
522 1483 644 1540 ὅσοι
658 1480 731 1539 ἂν
746 1486 1019 1540 ἐθέλωσιν
1041 1489 1116 1549 εἰς
1131 1487 1310 1555 φρέαρ
1329 1488 1749 1555 καταβαίνοντες

74 1568 163 1623 καὶ
184 1572 573 1638 κολυμβῶντες
601 1577 890 1636 καρτερεῖν
909 1567 970 1622 ἐν
987 1566 1167 1640 τούτῳ
1195 1571 1275 1639 τῷ
1297 1571 1464 1637 ἔργω,
1502 1563 1576 1637 μὴ
1597 1563 1753 1631 ὄντες

75 1653 264 1719 δεινοί,
285 1645 324 1720 ἦ
341 1653 402 1704 ἔν
417 1672 526 1705 τινι
544 1648 692 1723 ἄλλῳ
713 1648 965 1723 τοιούτω,
986 1648 1405 1721 ἀνδρειοτέρους
1423 1649 1620 1721 φήσεις
1637 1656 1751 1706 τῶν

73 1737 246 1786 ταῦτα
268 1734 483 1786 δεινῶν.

216 1818 334 1868 ΛΑ.
399 1817 468 1868 Τί
480 1810 588 1882 γὰρ
611 1811 684 1867 ἄν
701 1833 780 1878 τις
799 1811 935 1869 ἄλλο
957 1819 1094 1885 φαίη
1107 1857 1122 1884 ,
1156 1807 1201 1870 ὦ
1218 1815 1543 1884 Σώκρατεςς

216 1900 340 1951 ΣΩ.
406 1893 615 1965 Οὐδέν,
636 1901 790 1964 εἰπερ
813 1895 986 1951 οἴοιτό
1002 1917 1065 1965 γε
1085 1894 1276 1962 οὕτως.

216 1986 334 2035 ΛΑ.
385 1975 548 2034 'AM-o}
565 1976 677 2049 μὴν
696 1975 851 2049 οἶμαί
863 2000 941 2048 γε.

219 2066 342 2118 ΣΩ.
401 2062 508 2117 Καὶ
527 2060 641 2132 μήν
659 2082 771 2117 που
792 2058 1214 2133 ἆφρονεστέρως
1244 2084 1333 2133 γε,
1374 2054 1419 2118 αἶ
1447 2062 1658 2134 Λάχης,
1697 2065 1755 2118 οἰ

76 2149 319 2199 τοιοῦτοι
364 2143 767 2199 κινδυνεύουσί
810 2165 869 2200 τε
915 2147 1006 2200 καὶ
1052 2151 1419 2215 καρτεροῦσιν
1453 2142 1492 2218 ἢ
1527 2150 1584 2202 oc
1615 2144 1749 2218 μετὰ

72 2228 263 2298 τέχνης
281 2223 417 2280 αὐτὸ
438 2225 782 2297 πράττοντες.

216 2315 330 2364 ΛΑ.
384 2312 698 2364 Φαίνονται.

12 2447 15 2471 Ι
212 2397 338 2449 ΣΏ.
394 2390 627 2448 Οὐκοῦν
654 2393 851 2465 αἰσχρὰ
878 2393 912 2466 ἡ
946 2417 1147 2467 αφρων
1175 2397 1350 2468 τόλμα
1368 2419 1426 2454 τε
1448 2399 1539 2454 καὶ
1558 2418 1821 2472 παρτε-1)

73 2491 228 2545 ρησις
247 2476 308 2529 ἐν
326 2495 404 2529 τω
425 2475 682 2543 πρόσθεν
702 2476 879 2549 ἐφάνη
900 2476 1035 2550 ἡμῖν
1056 2471 1197 2534 οὖσα
1218 2481 1307 2536 καὶ
1327 2481 1600 2553 βλαβεράς

210 2564 327 2614 ΛΑ.
383 2558 549 2615 Πάνυ
567 2582 643 2630 γε.

212 2644 335 2696 ΣΩ.
380 2637 450 2695 Ἡ
465 2643 528 2696 δέ
542 2663 603 2711 γε
624 2640 850 2711 ανδρεία
871 2641 1203 2715 ωμολογεττο
1222 2644 1399 2701 καλόν
1417 2668 1467 2701 τι
1489 2644 1644 2703 εἶναι.

211 2726 327 2776 ΛΑ.
379 2717 730 2793 Ὡμολογεττο
753 2724 876 2795 γάρ.

1430 2822 1457 2864 ⁴
1471 2817 1497 2845 Ὀ
