2020 3094
228 314 261 355 D

235 1060 270 1101 Ε
299 1051 563 1115 θυρίσας,
585 1047 693 1099 Καὶ
711 1042 864 1099 τοῦτ’
872 1048 1024 1115 ,ἔφη
1040 1087 1054 1114 ,
1077 1066 1119 1099 ω
1139 1043 1506 1114 Σώκρατες,“’
1483 1047 1673 1112 ε’τερον
1690 1050 1966 1114 τοιοῦτον,
2006 1089 2012 1100 ..

180 1639 265 1687 277

235 2379 268 2419 B
295 2365 586 2436 γράμματα
631 2366 927 2419 ἐπίστασαι.
992 2361 1381 2435 Ὡμολόγησεν.
1458 2363 1578 2420 Οὐκ
1623 2364 1732 2434 ἄρα
1782 2363 1969 2434 ὀρθῶς

434 307 520 360 Vl.
584 299 859 358 Ἐνταῦθα
891 300 956 373 δὴ
988 302 1079 357 καὶ
1108 300 1260 356 πάνυ
1288 303 1554 373 ἐγέλασάν
1572 326 1629 360 τε
1648 306 1738 361 καὶ
1758 307 1967 377 ἐθορύ.

294 390 475 457 βησαν
502 387 558 440 οἱ
585 386 806 455 ἐρασταὶ
835 396 956 441 τοῖν
983 383 1242 455 ἀνδροῖν,
1279 383 1617 456 ἀγασθέντες
1643 394 1739 458 τῆς
1768 394 1969 458 σοφίας

295 465 515 522 αὐτοῖν·
564 470 622 522 oc
662 464 714 521 δ’
762 465 920 522 ἄλλοι
964 465 1119 537 ἡμεῖς
1163 468 1596 539 ἐκπεπληγμένοι
1630 472 1965 541 ἐσιωπῶμεν.

294 547 466 619 γνούς
503 549 563 605 δὲ
609 546 751 620 ἡμᾶς
788 546 817 603 6
856 546 1200 619 Εὐθύδημος
1237 552 1739 621 ἐκπεπληγμένους,
1776 551 1854 607 ἵν’
1891 557 1966 608 ἔτι

294 637 507 702 μᾶλλον
524 631 906 703 θαυμάζοιμεν
926 629 1063 687 αὐτό
1069 654 1116 699 ν,
1139 631 1242 686 οὐκ
1261 629 1403 687 ἀνιέι
1421 630 1482 687 τὸ
1504 634 1791 703 μειράκιον
1804 677 1821 706 ,
1841 632 1964 691 ἀλλ’

295 712 510 817 ἥρω’τα,
548 716 638 768 καὶ
669 712 853 784 ω’σπερ
885 717 941 769 οἰ
975 712 1182 784 ἀγαθοὶ
1215 711 1499 785 ὀρχησταί,
1539 719 1705 771 διπλα
1741 720 2020 815 ἔστρεφε
2015 762 2020 800 -i

294 795 361 852 τὰ
391 797 710 868 ἐρωτήματα
740 798 865 866 περὶ
889 803 992 852 τοῦ
1029 794 1232 865 αὐτοῦ,
1273 797 1366 852 καὶ
1404 800 1534 868 ἔφη·
1571 798 1823 868 Πότερον
1858 797 2020 870 γὰρ

296 882 354 935 οἱ
375 879 759 950 μανθάνοντες
789 880 1183 951 μανθάνουσιν
1213 874 1247 932 ἃ
1276 875 1651 934 ἐπίστανται’“
1614 901 1648 950 η
1679 877 1716 934 ἃ
1746 878 1820 952 μὴ
1850 884 1969 937 ἐπί·
2011 891 2020 952 'g

296 979 547 1026 στανται;
583 964 673 1018 καὶ
702 961 731 1017 ὁ
758 963 1190 1031 Διονυσόδωρος
1219 960 1388 1016 πάλιν
1407 959 1613 1032 μικρὸν
1631 962 1771 1032 πρός
1789 984 1856 1033 με
1873 973 1968 1029 ψι-
2008 956 2020 1014 ¹.

293 167 364 217 96
423 208 428 209 .
883 169 1355 218 ΠΛΑΤΩΝΟΣ

294 1125 417 1183 οἷον
434 1126 495 1183 τό
514 1126 800 1198 πρότερον.
856 1120 923 1182 Ω
940 1134 1052 1183 Ζεῦ
1063 1169 1079 1198 ,
1117 1129 1304 1230 ἔφην’
1277 1125 1382 1196 εγσό
1398 1168 1411 1194 ,
1452 1119 1489 1196 ἦ
1506 1124 1616 1197 μὴν
1635 1127 1726 1182 καὶ
1744 1126 1805 1182 τὸ
1828 1127 1968 1196 πρό-

291 1210 456 1282 τερόν
475 1232 537 1281 γε
556 1208 732 1267 καλὸν
749 1207 883 1281 ὑμῖν
900 1210 1077 1280 ἐφάνη
1097 1207 1158 1264 τὸ
1189 1209 1457 1280 ἐρώτημα.
1529 1206 1707 1264 Πάντ’
1713 1214 1899 1280 ,ἔφη
1883 1251 1897 1278 ,
1925 1231 1968 1264 ω
2005 1193 2020 1290 ff

292 1292 588 1362 Σώκρατες
601 1336 615 1364 ,
636 1299 864 1349 τοιαῦτα
881 1291 1035 1364 ἡμεῖς
1054 1296 1342 1362 ἐρωτῶμεν
1358 1290 1595 1361 άφυκτα.
1658 1251 1967 1363 Τοιγάρτοι,
2002 1283 2020 1425 ³

293 1370 368 1447 ἦν
399 1374 450 1431 δ’
481 1376 618 1447 ἐγώ,
657 1378 867 1432 δοκεῖτέ
892 1397 986 1446 μοι
1014 1373 1327 1446 εὐδοκιμεῖν
1356 1372 1505 1445 παρὰ
1534 1386 1647 1440 τοῖς
1681 1383 1965 1446 μαθηταῖς.
2009 1429 2020 1438 ,,

295 1461 358 1514 ἐν
385 1461 444 1514 δὲ
473 1459 648 1532 τούτῳ
679 1456 708 1514 6
740 1458 840 1529 μὲν
870 1464 1127 1523 Κλεινίας
1154 1463 1230 1530 τῷ
1261 1454 1586 1557 Εὐθυδήμῳ
1615 1456 1966 1527 ἀπεκρίνατο,
2008 1451 2020 1532 32³

295 1540 380 1595 ὅτι
410 1540 755 1612 μανθάνοιεν
779 1544 836 1596 oc
860 1541 1244 1611 μανθάνοντες
1273 1537 1308 1595 ἃ
1337 1537 1442 1595 οὐκ
1473 1542 1807 1595 ἐπίσταιντο·
1849 1537 1878 1594 6
1912 1541 1970 1595 δε
2008 1543 2010 1545 ’

295 1622 459 1724 η’ρετο
488 1620 661 1678 αὐτὸν
693 1621 782 1679 διὰ
813 1646 927 1679 των
956 1622 1143 1679 αὐτων
1175 1615 1359 1691 ὦνπερ
1378 1622 1438 1677 τὸ
1461 1622 1757 1693 πρότερον·
1797 1628 1867 1678 Τί
1881 1623 2004 1689 δέ;

294 1709 328 1777 ἡ
351 1703 400 1761 δ’
426 1705 505 1777 ός,
529 1704 632 1761 οὐκ
653 1709 936 1761 ἐπιστασαι
957 1704 1025 1760 σύ
1048 1705 1374 1776 γράμματα·
1361 1747 1376 1772 ,
1411 1709 1532 1759 Ναί
1538 1707 1694 1775 ,.ἒφη
1738 1702 1967 1760 Οὐκοῦν
2000 1707 2004 1765 J

295 1789 537 1853 ἅπαντα;
568 1786 869 1859 Ὠμολόγει.
931 1787 1099 1844 Ὅταν
1118 1782 1224 1842 οὖν
1242 1809 1322 1851 τις
1340 1785 1739 1859 ἀποστοματίζῃ
1760 1784 1968 1855 ὁτιοῦν,

295 1869 365 1925 06
397 1869 688 1942 γράμματα
717 1868 1159 1940 ἀποστοματίζει;
1186 1866 1486 1939 Ὡμολόγει.
1561 1867 1790 1924 Οὐκοῦν
1819 1861 1898 1923 ὦν
1917 1890 1970 1923 τι
2000 1901 2007 1904 -

295 1953 366 2008 σύ
385 1956 698 2023 ἐπίστασαι,
730 1956 863 2024 ἔφη,
895 1950 1334 2023 ἀποστοματίζει,
1374 1958 1525 2019 εἴπερ
1545 1958 1717 2006 ταῦτα
1749 1952 1998 2025 ἐπίσταῇ

296 2054 414 2104 σαι;
452 2037 561 2091 Καὶ
578 2042 740 2091 τοῦτο
763 2032 1045 2105 ὡμολόγει.
1121 2039 1190 2089 Τί
1206 2027 1339 2100 οὖν;
1372 2025 1409 2103 ἦ
1428 2030 1480 2087 δ’
1506 2032 1591 2104 ὅς,
1613 2027 1720 2104 ἀρα
1740 2032 1809 2089 οὐ
1827 2056 1970 2104 μαν-

295 2118 491 2182 θάνεις
520 2115 636 2172 ἅττ’
669 2113 741 2172 ἀν
767 2115 1167 2188 ἀποστοματίζῃ
1196 2139 1304 2187 τις,
1344 2114 1372 2170 ὁ
1411 2115 1470 2171 δὲ
1503 2115 1576 2187 μὴ
1609 2115 1970 2188 ἐπιστάμενος

295 2201 590 2272 γράμματα
610 2199 915 2271 μανθάνεις
949 2197 1088 2269 Οὔκ,
1112 2197 1244 2268 ἀλλ’,
1265 2193 1302 2269 ἦ
1320 2197 1366 2254 δ’
1385 2197 1461 2270 ὅς,
1483 2199 1774 2269 μανθάνω.
1814 2198 1966 2256 Οὐκ-
1994 2257 1999 2261 ,

298 2290 404 2338 οὖν
432 2280 466 2337 62
495 2284 804 2354 ἐπίστασαι,
845 2285 948 2352 ἔφη
965 2324 978 2350 ,
1016 2282 1350 2351 μανθάνεις,
1387 2290 1440 2338 εἴ
1464 2286 1563 2351 πέρ
1584 2305 1646 2354 γε
1665 2282 1883 2338 ἅπαντα
1899 2279 1965 2337 τά
1996 2343 2002 2351 ⁵

294 2444 600 2516 ἀπεκρίνω,
633 2451 753 2516 ἔφη.
794 2447 885 2502 καὶ
922 2444 1080 2502 οὔπω
1116 2448 1336 2519 σφόδρα
1370 2470 1422 2503 τι
1458 2454 1630 2503 ταῦτα
1673 2455 1853 2518 εἴρητο
1890 2453 1968 2520 τῷ

292 2526 617 2626 Εὐθυδήμῳ
631 2570 646 2598 ,
667 2530 760 2584 καὶ
782 2526 810 2584 ὁ
829 2530 1260 2598 Διονυσόδωρος
1280 2528 1464 2598 ὥσπερ
1484 2540 1728 2600 σφαῖραν
1747 2529 1968 2596 ἐκδεξά-
1991 2587 1998 2591 ,

294 2632 459 2682 μενος
494 2609 594 2665 τὸν
631 2611 802 2682 λόγον
838 2611 1005 2667 πάλιν
1040 2613 1350 2683 ἐστοχάζετο
1386 2619 1489 2667 τοῦ
1524 2617 1838 2682 μειρακίου,
1876 2612 1967 2667 καὶ
2015 2629 2020 2666 ς

296 2692 472 2750 εἶπεν·
498 2690 763 2766 Ἐξαπατᾷ
785 2711 846 2749 σε
867 2692 1236 2766 Εὐθύδημος,
1270 2717 1311 2749 ω
1333 2699 1574 2749 Κλεινία.
1596 2693 1710 2750 εἰπε
1727 2694 1835 2765 γάρ
1855 2716 1965 2765 μοι,
2006 2710 2020 2761 ξι

292 2798 354 2831 το
378 2776 695 2846 μανθάνειν
715 2775 817 2831 οὐκ
837 2779 1139 2848 ἐπιστημην
1161 2774 1268 2832 ἐστὶ
1298 2776 1602 2847 λαμβάνειν
1630 2776 1860 2846 τούτου,
1897 2767 1967 2830 οὗ
2004 2781 2014 2840 ’Δ

293 2881 365 2914 αν
393 2880 473 2923 τις
501 2857 795 2930 μανθάνῃ;
827 2857 1116 2929 Ὡμολόγει
1147 2858 1175 2914 6
1206 2865 1476 2923 Κλεινίας.
1552 2856 1626 2913 Τὸ
1659 2857 1711 2913 δ’
1745 2861 1934 2914 ἐπίστα
2011 2869 2013 2915 ἒ
