1962 3112
162 92 269 146 370
770 98 1247 152 ΠΛΑΤΩΝΟΣ
1810 109 1844 154 8

165 233 352 299 λογίας
371 227 567 301 ἥδιστα
599 228 938 300 ἀκροῶνται,
979 228 1108 285 ὥστ’
1136 236 1307 302 ἔγωγε
1337 232 1412 294 δι’
1445 233 1647 299 αὐτοὺς
1666 233 1840 306 ἠνάγ-

98 317 130 358 E
169 328 374 382 κασμαι
400 313 842 382 ἐκμεμαθηκέναι
867 333 925 367 τε
945 313 1036 368 καὶ
1062 315 1544 385 ἐκμεμελετηκέναι
1565 317 1745 372 πάντα
1771 314 1839 371 τὰ

165 399 407 447 τοιαῦτα.

307 479 430 529 ΣΩ.
485 476 599 530 Ναὶ
617 477 691 544 μὰ
710 472 826 546 Δί’,
856 497 896 530 ω
880 468 1114 546 Ἱππία,
1137 474 1440 547 εὐτύχηκάς
1457 498 1537 547 γε,
1558 475 1641 536 ὅτι
1660 484 1841 535 Λακε-

169 557 443 627 δαιμόνιοι
463 554 532 611 ού
560 562 875 626 χαίρουσιν,
899 554 971 611 ἄν
992 577 1071 619 τις
1089 553 1275 622 αὐτοῖς
1299 555 1408 611 ἀπὸ
1430 557 1693 623 Σόλωνος
1711 557 1842 624 τούς

168 637 438 709 ἄρχοντας
467 636 598 702 τοὺς
626 634 928 708 ἡμετέρους
957 638 1254 710 καταλέγῃ·
1295 641 1419 695 εἰδὲ
1438 638 1540 710 μή,
1562 637 1835 710 πράγματ’

165 715 237 774 ἂν
257 719 392 791 εἶχες
411 719 794 791 ἐκμανθάνων.

307 808 406 856 ΙΠ.
460 801 684 870 Πόθεν,
727 795 771 856 ὦ
813 801 1136 869 Σώκρατες;
1177 799 1319 867 ἅπαξ
1357 799 1602 867 ἀκούσας
1639 801 1841 873 πεντή-

163 905 334 939 κοντα
355 881 597 954 ὀνόματα
616 881 1109 953 ἀπομνημονεύσω.

309 971 415 1022 VII.
486 970 610 1020 Σῼ.
665 961 868 1035 Ἀληθῆ
908 967 1108 1034 λέγεις,
1149 961 1270 1019 ἀλλ’
1289 963 1409 1062 ἐγώ
1442 962 1545 1020 οὐκ
1577 965 1840 1036 ἐνενόησα

170 1045 254 1102 ὅτι
274 1046 333 1103 τὸ
357 1044 700 1118 μνημονικὸν
717 1050 875 1117 ἔχεις·
917 1043 1050 1100 ὥστ’
1071 1048 1246 1101 ἐννοῶ
1270 1045 1355 1101 ὅτι
1375 1047 1597 1111 εἰκότως
1616 1065 1702 1102 σοι
1719 1042 1853 1117 χαίέ

49 1142 136 1188 286
167 1146 364 1201 ρουσιν
393 1132 450 1184 οἱ
463 1128 890 1198 Λακεδαιμόνιοι
922 1128 1016 1184 άτε
1044 1128 1222 1184 πολλοὶ
1252 1131 1446 1198 εἰδότι,
1485 1133 1575 1186 καὶ
1603 1136 1842 1201 χρῶνται

169 1210 353 1282 ὥσπερ
384 1223 501 1276 ταῖς
533 1211 891 1282 πρεσβύτισιν
921 1214 978 1265 οἱ
1002 1214 1190 1276 παῖδες
1218 1209 1356 1279 πρὸς
1383 1209 1444 1268 τὸ
1465 1209 1637 1282 ἡδέως
1655 1219 1840 1282 μυθο-

167 1301 413 1365 λογῆσαι.

308 1382 407 1432 ΙΠ.
467 1379 576 1432 Καὶ
604 1377 696 1431 ναὶ
724 1374 798 1446 μά
831 1373 946 1444 Δί’,
984 1368 1029 1429 ὦ
1058 1374 1380 1444 Σώκρατες,
1423 1381 1550 1445 περί
1574 1398 1637 1446 γε
1657 1380 1835 1447 ε’πιτηη

169 1459 458 1529 δευμάτων
473 1464 661 1514 καλῶν
676 1459 765 1513 καὶ
783 1461 1009 1527 ἔναγχος
1028 1455 1231 1512 αὐτόθι
1250 1454 1584 1529 εὐδοκίμησα
1605 1459 1837 1529 διεξιών,
1863 1503 1882 1519 l

165 1538 199 1596 ἃ
243 1540 344 1613 χρὴ
385 1542 483 1597 τὸν
518 1545 646 1596 νέον
684 1540 1041 1611 ἐπιτηδεύειν.
1078 1543 1189 1594 ἐστι
1223 1540 1330 1610 γάρ
1368 1561 1461 1610 μοι
1495 1540 1620 1611 περὶ
1654 1537 1841 1595 αὐτῶν

167 1623 463 1693 παγκάλως
483 1623 646 1693 λόγος
665 1627 1047 1692 συγκείμενος,
1087 1623 1178 1677 καὶ
1196 1619 1374 1685 ἄλλως
1404 1615 1470 1676 εὖ
1497 1625 1838 1692 διακείμενος

166 1706 256 1759 καὶ
287 1717 398 1769 τοῖς
428 1703 685 1776 ὀνόμασι·
726 1703 1014 1776 πρόσχημα
1043 1707 1104 1759 δέ
1122 1708 1229 1774 ’μοί
1253 1705 1366 1759 ἐστι
1384 1705 1474 1759 καὶ
1495 1701 1631 1775 ἀρχὴ
1655 1704 1837 1760 τοιάδε

165 1809 245 1851 τις
279 1794 380 1842 τοῦ
417 1787 603 1855 λόγου.
642 1784 826 1856 ἐπειδὴ
867 1783 901 1857 ἡ
943 1791 1110 1853 Τροία
1149 1784 1293 1856 ἥλω,
1329 1786 1474 1854 λέγει
1503 1782 1532 1840 ὁ
1564 1786 1727 1855 λόγος
1755 1784 1839 1841 ὅτι

103 1881 137 1922 Β
163 1868 550 1939 Νεοπτόλεμος
577 1872 833 1937 Νέστορα
862 1873 1068 1938 ἔροιτο,
1092 1867 1221 1922 ποῖά
1239 1869 1352 1922 ἐστι
1379 1865 1520 1922 καλοὶ
1552 1869 1840 1939 ἐπιτηδεύ-

168 1973 340 2021 ματα,
382 1947 418 2005 ὁὶ
446 1949 517 2006 ἄν
546 1972 627 2014 τις
656 1949 1013 2020 ἐπιτηδεύσας
1040 1950 1163 2014 νέος
1191 1945 1271 2006 ὢν
1291 1946 1727 2020 εὐδοκιμώτατος
1744 1953 1839 2020 γε’-

166 2054 316 2090 νοιτο
333 2054 344 2065 ·
365 2031 498 2103 μετὰ
519 2037 689 2086 ταῦτα
710 2030 775 2102 δὴ
798 2033 974 2101 λέγων
994 2032 1141 2087 ἐστὶν
1159 2027 1188 2086 ὁ
1208 2033 1441 2101 Νέστωρ,
1462 2032 1551 2086 καὶ
1571 2028 1839 2087 ὑποτιθέ-·

165 2135 330 2185 μενος
360 2112 513 2187 αὐτῷ,
541 2114 836 2184 πάμπολλα
869 2114 1075 2184 νόμιμα
1105 2114 1197 2172 καὶ
1227 2113 1495 2183 πάγκαλα.
1531 2120 1732 2168 τοῦτον
1767 2113 1833 2186 δὴ

164 2198 258 2252 καὶ
285 2199 396 2258 ἐκεῖ
425 2195 780 2267 ἐπεδειξάμην
808 2197 900 2253 καὶ
928 2195 1133 2251 ἐνθάδε
1161 2197 1339 2265 μέλλω
1366 2194 1742 2252 ἐπιδεικνύναι
1760 2199 1835 2260 εἰς

167 2281 357 2348 τρίτην
386 2275 628 2349 ἡμέραν,
666 2279 727 2332 ἐν
755 2285 833 2352 τῷ
872 2275 1281 2349 Φειδοστράτου
1320 2281 1707 2350 διδασκαλειςο,
1744 2278 1836 2333 καὶ

168 2357 307 2414 ἄλλα
337 2358 512 2415 πολλοὶ
546 2363 635 2416 καὶ
664 2358 787 2427 ἄξια
817 2358 1014 2431 ἀκοῆς·
1052 2359 1255 2431 ἐδεήθη
1284 2358 1391 2431 γάρ
1420 2380 1528 2430 μου
1547 2356 1784 2423 Εὔδικος
1802 2355 1832 2414 ὁ

162 2443 525 2515 Ἀπημάντου.
567 2442 690 2500 ἀλλ’
735 2443 883 2509 ὅπως
919 2447 1142 2514 παρέσει
1178 2444 1272 2499 καὶ
1306 2441 1472 2509 αὐτὸς
1507 2443 1597 2498 καὶ
1631 2440 1835 2506 ἄλλους

94 2538 127 2580 c
164 2523 335 2594 ἄξεις,
358 2528 554 2590 οἵτινες
573 2527 750 2581 ἱκανοὶ
773 2524 1112 2590 ἀκούσαντες
1129 2537 1312 2595 κρῖναι
1330 2522 1397 2579 τά
1417 2523 1700 2594 λεγόμενα.

306 2611 435 2662 VIII.
509 2613 633 2663 Σῼ.
689 2607 845 2670 ’Λλλὰ
879 2605 1035 2663 ταῦτ’
1069 2614 1243 2678 ἔσται,
1282 2603 1353 2661 ὅὶν
1386 2604 1522 2669 θεὸς
1556 2598 1834 2676 ἐθέλῃ,ω

169 2692 351 2751 Ιππία
406 2690 534 2742 νυνὶ
563 2691 750 2758 μέντοι
782 2690 960 2760 βραχύ
979 2696 1033 2744 τί
1059 2711 1151 2760 μοι
1171 2689 1295 2756 περὶ
1316 2685 1490 2744 αὐτοῦ
1509 2684 1830 2756 ἀπόκριναι

162 2771 254 2824 καὶ
295 2769 401 2841 γάρ
438 2790 505 2840 με
542 2774 619 2835 είς
654 2771 827 2826 καλὸν
867 2769 1193 2841 υπέμνησας.
1241 2774 1473 2838 ἔναγχος
1500 2767 1606 2838 γάρ
1642 2788 1830 2838 τις,ω
