1962 3112
0 0 1282 41 wwmwwwt-tmvrwn*
1392 0 1409 11 v<
1442 0 1448 4 ·
1488 3 1490 5 >
1521 0 1530 11 =

129 137 214 183 1⁰9
686 128 1248 177 ΠΡΩΤΑΓΟΡΑΣ.
1705 125 1806 178 197

124 264 355 355 Ἀληθῆ,
385 267 508 350 ἔφη.
580 267 654 318 Εἰ
668 263 728 319 δὲ
746 261 821 333 μὴ
845 260 1071 332 αἰσχρά,
1093 254 1187 328 ἀρ’
1210 259 1279 316 οὐ
1299 261 1467 327 καλάς
1498 259 1806 332 Ὡμολόγει.

126 340 202 392 Εἰ
219 334 276 390 δὲ
295 341 462 404 καλα,
509 334 601 389 καὶ
629 331 848 419 ἀγαθάς
881 337 1010 387 Ναί.
1089 329 1318 387 Οὐκοῦν
1339 332 1430 387 καὶ
1450 303 1507 387 οἱ
1527 333 1696 387 δειλοὶ
1718 331 1811 387 καὶ

128 408 182 461 οἱ
198 412 428 475 θρασεῖς
449 406 540 459 καὶ
561 406 618 458 οἱ
633 402 961 488 μαινόμενοι
988 399 1320 457 τούναντίον
1341 401 1602 491 αἰσχρούς
1622 422 1680 456 τε
1694 401 1812 487 φό-

124 480 262 547 βους
282 480 593 558 φοβοῦνται
611 473 702 528 καὶ
717 470 911 559 αἰσχρά
929 470 1115 559 θάρρη
1130 478 1472 562 θαρροῦσινῖξ
1502 471 1809 561 Ὡμολόγει.

127 550 414 636 Θαρροῦσι
444 543 502 599 δὲ
532 542 598 598 τὰ
612 540 817 628 αἰσχρὰ
837 544 927 599 καὶ
949 541 1091 598 κακοὶ
1115 540 1176 597 δι’
1203 545 1338 598 ἄλλο
1360 565 1411 597 τι
1429 540 1466 613 ἢ
1488 541 1552 598 δι’
1575 542 1812 630 άγνοιαν

124 616 271 670 καὶ’
237 638 272 669 α
273 619 513 684 μαθίαν;
552 610 746 677 Οὕτως
766 616 890 683 ἔχει,
913 618 1034 702 ἔφη.
1112 618 1180 667 Τί
1196 606 1329 677 οὗν;
1367 621 1532 668 τοῦτο
1554 609 1661 668 δι’
1641 635 1670 668 o
1663 610 1870 667 Oea-0

126 692 215 741 λοί
244 689 382 740 εἰσιν
411 686 468 738 οί
498 686 694 751 δειλοί,
739 683 1013 738 δειλίαν”
976 706 1010 754 η
1045 680 1310 768 ἀνδρείαν
1341 690 1549 748 καλεῐς;
1579 687 1810 738 Δειλίαν

126 752 311 840 ἔγωγ’,
350 757 476 841 ἔφη.
544 755 736 808 Δειλοὶ
763 753 821 808 δε
853 751 922 807 οὕ
953 750 1043 808 διὰ
1073 750 1176 823 τὴν
1203 759 1317 807 τῶν
1339 757 1538 808 δεινων
1559 752 1810 844 ἀμαθίαν

126 823 476 913 ἐφάνησαν”
444 845 629 889 οντες;
683 824 852 878 Πάνυ
879 820 934 892 γ’
942 865 956 890 ,
995 828 1119 909 ἔφη.
1191 822 1306 878 Διά
1327 823 1540 914 ταύτην
1570 823 1680 891 αρα
1707 820 1810 892 τήν

126 893 374 977 ἀμαθίαν
414 896 585 949 δειλοί
621 897 786 959 εἰσιν;
811 891 1118 979 Ὡμολόγει.
1191 890 1286 948 Δι’
1319 891 1352 948 ὃ
1389 892 1447 949 δὲ
1479 898 1654 950 δειλοί
1685 898 1806 962 εἰσι,

126 969 298 1020 δειλία
327 962 674 1050 ὁμολογεῖται
702 962 851 1051 παρὰ
883 970 1015 1027 σοῦ;
1048 967 1301 1051 Συνέφη.
1379 961 1610 1020 Οὐκοῦν
1636 960 1672 1035 ἡ
1695 968 1809 1017 τῶν

124 1039 326 1090 δεινων
353 1034 445 1088 καὶ
472 1033 547 1122 μὴ
579 1038 781 1089 δεινων
799 1005 1015 1103 ἀμαθίά
1032 1030 1261 1089 δειλία’“
1224 1056 1296 1090 αν
1316 1042 1427 1106 εἴη·
1415 1076 1430 1101 ,
1461 1032 1804 1090 Ἐπένευσεν.

127 1102 280 1160 Αλλὰ
310 1105 447 1189 μήν,
485 1097 556 1174 ἦν
587 1101 642 1159 δ’
671 1103 808 1173 ἐγώ,
845 1106 1099 1159 ἐναντίον
1128 1102 1355 1174 ἀνδρεία
1394 1108 1582 1178 δειλίᾳ.
1642 1102 1804 1174 Ἐφη.
1837 1111 1872 1152 D

128 1174 357 1231 Οὐκοῦν
386 1170 424 1262 ἡ
454 1180 567 1229 τῶν
597 1178 800 1229 δεινοῖν
826 1175 918 1229 καὶ
945 1173 1020 1244 μὴ
1051 1178 1252 1230 δεινῶν
1283 1181 1452 1245 σοφία
1486 1178 1709 1231 ἐναντία
1739 1177 1806 1260 τῇ

128 1245 338 1300 τούτων
366 1243 581 1331 ἀμαθίᾳ
611 1247 786 1310 ἐστίν;
821 1246 931 1298 Καὶ
960 1245 1206 1299 ἐνταῦθα
1244 1249 1322 1300 ἔτι
1362 1246 1674 1301 ἐπένευσεν.
1739 1241 1815 1297 Ἡ

128 1315 183 1372 δὲ
208 1315 426 1370 τούτων
455 1313 668 1400 ἀμαθία
699 1317 905 1380 δειλίας
941 1314 1107 1369 Πάνυ
1134 1314 1311 1402 μόγις
1312 1317 1560 1371 ἐνταυθα
1580 1317 1808 1371 ἐπένευ-

124 1402 235 1441 σεν.
302 1382 372 1439 Ἡ
402 1391 571 1454 σοφία
610 1382 718 1472 ἄρα
749 1391 862 1438 τῶν
892 1388 1094 1439 δεινῶν
1125 1387 1216 1439 και
1242 1383 1316 1457 μὴ
1351 1389 1552 1441 δεινων
1581 1384 1808 1453 ἀνδρεία

122 1458 299 1543 ἐστίν,
341 1457 563 1509 ἐναντία
595 1470 735 1510 ουσα
754 1461 822 1526 τῇ
842 1453 1058 1509 τούτων
1077 1453 1320 1546 o'cgwcffl'aj
1358 1454 1544 1512 οὐκέτι
1560 1458 1807 1511 ἐνταῦθα

123 1523 224 1582 οὔτ
231 1523 554 1580 ’ἐπινεῦσαι
574 1522 853 1611 ἠθέλησεν
871 1526 1023 1610 ἐσίγα
1043 1546 1123 1579 τε·
1163 1527 1254 1580 καὶ
1282 1524 1386 1594 ἐγώ
1410 1525 1590 1582 εἷπον·
1630 1531 1701 1580 Τί
1717 1524 1804 1594 δή,

126 1618 168 1651 ω
171 1594 565 1681 Πρωταγόρα,
605 1592 733 1649 οὔτε
754 1591 826 1647 σύ
845 1593 953 1685 φῂς
983 1617 1017 1649 α
1009 1593 1224 1663 ἐρωτω
1244 1598 1373 1650 οὔτε
1394 1593 1643 1684 ἀπόφῃς;
1683 1595 1808 1650 Αὐ-

123 1664 230 1735 τός,
253 1670 379 1735 ἔφη,
401 1666 662 1749 πέρανον.
719 1661 821 1718 'Ev
839 1663 892 1734 y'
901 1706 914 1732 ‚
935 1668 1077 1735 ἔφην
1096 1665 1221 1735 ἐγώ,
1242 1666 1420 1735 μόνον
1440 1652 1723 1752 ἐρόμενος
1723 1669 1800 1720 ἔτι
1830 1681 1864 1722 E

124 1738 211 1803 σε’,
252 1743 307 1791 εἰ
331 1751 419 1789 σοι
451 1734 635 1804 ω’σπερ
669 1732 730 1789 τὸ
751 1741 973 1821 πρῶτον
994 1739 1069 1790 ἔτι
1091 1738 1356 1790 δοκοῦσιν
1378 1735 1520 1791 εἷναί
1538 1757 1682 1800 τινες
1699 1733 1805 1790 άν-

121 1812 344 1875 θρωποι
364 1802 737 1890 ἀμαθέστατοι
754 1806 882 1890 με’ν,
911 1801 1290 1891 ἀνδρειότατοι
1309 1809 1383 1861 δέ.
1461 1813 1804 1862 Φιλονεικεῖν

121 1896 231 1945 μοι,
253 1878 376 1946 ἔφη,
398 1878 597 1943 δοκεῖς,
622 1895 664 1928 ω
683 1875 1010 1966 Σώκρατες,
1025 1872 1086 1929 τὸ
1110 1874 1218 1960 ἐμὲ
1220 1874 1361 1930 εἶναι
1379 1874 1479 1932 τὸν
1498 1874 1804 1963 ἀποκρινό-

120 1965 319 2014 μενον·
339 1950 638 2033 ῃαριοῦμαι
657 1938 763 1999 οὖν
785 1960 902 2014 σοι,
923 1946 1014 2000 και
1036 1943 1218 2014 λέγω
1195 1944 1281 2001 ο’τι
1303 1949 1361 2001 ἐκ
1378 1953 1492 2002 τῶν
1515 1944 1802 2018 ωμολογη-

121 2017 304 2084 μένων
327 2014 610 2070 αδύνατόν
630 2035 723 2102 μοι
742 2017 899 2070 δοκεῖ
911 2013 1063 2070 εἶναι.

260 2089 366 2139 XL.
441 2082 637 2151 Οὔτοι,
675 2078 748 2155 ἦν
770 2082 823 2139 δ’
855 2084 988 2168 ἔχω’,
1031 2085 1254 2141 αλλου
1233 2088 1394 2142 ε’νεκα
1414 2090 1602 2172 ἐρωτῶ
1619 2085 1800 2140 πάντα

120 2159 309 2239 ταῦτα,
330 2176 364 2224 η
343 2150 694 2219 ’σκέψασθαι
711 2160 1068 2240 βουλομενος,
1091 2162 1205 2221 πῶς
1225 2154 1336 2211 ποτ’
1343 2161 1468 2243 ἔχει
1487 2156 1552 2211 τὰ
1565 2156 1689 2242 περὶ
1706 2161 1802 2243 τῆς

121 2222 316 2307 ἀρετῆς
353 2225 443 2279 καὶ
480 2229 535 2279 τί
567 2221 690 2278 ποτ’
731 2224 878 2279 ἐστὶν
916 2222 1078 2308 αὐτό,
1117 2224 1151 2315 ἡ
1177 2224 1370 2311 ἀρετή.
1412 2225 1534 2282 οῖδα
1568 2223 1676 2296 γάρ
1714 2223 1801 2279 ὅτι

119 2293 321 2348 τούτου
342 2298 594 2382 φανεροῦ
612 2296 917 2379 γενομένου
934 2293 1128 2378 μάλιστ
1162 2291 1236 2350 ἀν
1240 2296 1566 2382 κατάδηλον
1583 2299 1797 2381 γένοιτο
1825 2308 1911 2356 361

119 2365 326 2450 ἐκεῖνο,
365 2365 489 2430 περὶ
521 2356 594 2417 οὖ
621 2363 730 2449 ἐγώ
758 2383 817 2417 τε
846 2365 938 2418 καὶ
969 2363 1040 2418 σύ
1077 2364 1295 2453 μακρὸν
1335 2364 1522 2454 λόγον
1545 2365 1800 2452 ἑκάτερος

119 2431 506 2522 ἀπετείναμεν,
532 2432 654 2518 ἐγώ
683 2431 784 2502 μὲν
814 2434 991 2502 λέγων
1023 2430 1094 2497 ὡς
1116 2433 1185 2490 οὐ
1205 2439 1465 2492 διδακτον
1490 2435 1685 2507 αρετή,
1726 2434 1798 2490 σύ

122 2501 174 2559 0’
211 2500 283 2567 ὡς
320 2500 595 2558 διδακτόν.
636 2507 733 2557 καί
756 2522 849 2572 μοι
878 2505 1033 2559 δοκεῖ
1054 2502 1276 2575 ἡμών’
1246 2528 1279 2576 η
1310 2527 1433 2576 αρτι
1463 2508 1649 2573 ἔξοδος
1685 2511 1798 2560 ταῖν

118 2573 303 2642 λόγων
323 2572 508 2639 ω’σπερ
525 2571 826 2640 ἅνθρωπος
834 2586 1165 2661 κατηγορεῖν
1181 2597 1237 2630 τε
1253 2579 1342 2632 καὶ
1359 2581 1684 2665 καταγελᾶν,
1706 2576 1799 2630 καὶ

120 2646 170 2697 εἰ
186 2645 384 2714 φωνήν
404 2643 590 2714 λάβοι,
630 2638 855 2697 εἰπεῖνν
820 2665 892 2696 αν
911 2642 995 2698 ὅτι
1014 2643 1213 2701 ατοποί
1226 2668 1258 2715 γ
1268 2644 1425 2702 ’ἐστέ
1434 2689 1449 2717 ,
1490 2669 1532 2701 ω
1554 2645 1794 2731 Σώκρα-

118 2714 205 2775 τές
238 2734 294 2767 τε
332 2714 505 2768 καὶΠ
544 2712 823 2781 ωταγόρα·
865 2710 936 2766 σὺ
974 2715 1074 2783 μὲν
1111 2718 1286 2786 λέγων
1317 2715 1401 2772 ὅτι
1429 2715 1497 2772 οὐ
1533 2715 1793 2771 διδακτόν

119 2783 267 2836 ἐστιν
295 2780 460 2855 ἀρετὴ
451 2719 558 2837 Πῖν
595 2794 706 2845 τοις
746 2786 1090 2854 ἔμπροσθεν,
1131 2792 1239 2840 νῦν
1279 2792 1494 2858 σεαυτῷ
1530 2782 1791 2840 τάναντία
