1962 3112
42 92 104 139 2⁷
717 90 1077 140 1'01’1'1212.
1621 84 1725 137 225

44 223 179 297 τηλὴ
200 225 293 281 καὶ
311 222 550 295 ἀγεννὴς
567 225 659 279 καὶ
677 221 1051 292 ἀνελεύθερος
1063 264 1080 293 ,
1109 222 1346 294 σχήμασι
1365 222 1456 277 καὶ
1474 220 1726 292 χρώμασι

44 311 137 364 καὶ
158 307 391 379 λειότητι
410 308 502 363 καὶ
524 307 752 378 ἐσθήσει
771 304 1053 377 ἄπατῶσα,
1075 303 1217 361 ὥστε
1235 317 1415 361 ποιεῖν
1431 302 1725 375 ἀλλότριον

43 391 245 456 κάλλος
271 391 679 462 ἐφελκομένους
705 396 808 446 τοῦ
838 392 1048 444 οἰκείου
1069 395 1171 444 τοῦ
1189 387 1278 444 διὰ
1303 393 1400 460 τῆς
1417 403 1725 458 γυμναστι-

43 480 143 543 κῆς
179 469 416 544 α’μελετν.
452 471 526 529 ἵν’
567 466 677 528 οὖν
712 469 785 543 μὴ
823 477 1180 542 μακρολογῶ,
1214 474 1391 527 ἐθέλω
1429 487 1517 526 σοι
1552 475 1725 526 εἰπεῖν

42 552 227 625 ῶσπερ
250 559 307 611 οἱ
320 556 623 627 γεωμέτραι
639 587 711 598 --
730 553 836 626 ἤδη
858 553 964 623 γὰρ
984 550 1057 608 ἂν
1075 561 1208 620 ἴσως
1226 551 1639 624 ἆκολουθήσαις
1659 587 1722 595 -

43 636 129 693 ὅτι
166 635 199 694 ὃ
235 635 553 709 κομμωτικὴ
593 634 734 712 πρὸς
771 636 1183 707 γυμναστικήν,
1221 642 1387 692 τοῦτο
1425 635 1721 708 ὀψοποιικὴ

43 717 185 787 πρὸς
219 721 495 791 ἰατρικήν·
533 727 749 791 μᾶλλον
786 722 846 775 δὲ
884 712 1019 790 ῶδε,
1061 717 1147 774 ὅτι
1176 716 1210 773 ὂ
1238 716 1555 790 κομμωτικὴ
1584 716 1724 787 πρὸς
1754 732 1785 776 0

41 802 451 874 γυμναστικήν,
489 809 654 859 τοῦτο
685 799 977 873 σοφιστικὴ
1015 797 1155 868 πρὸς
1191 801 1593 872 νομοθετικήν,
1633 803 1724 858 καὶ

41 883 126 939 ὅτι
144 881 177 939 ὃ
195 883 491 956 ὀψοποιικὴ
517 883 655 953 πρὸς
682 884 959 956 ἰατρικήν,
1001 888 1166 939 τοῦτο
1196 884 1455 956 ῥητορικὴ
1481 882 1621 957 πρὸς
1641 888 1725 939 δι-

45 966 369 1037 καιοσύνην.
403 964 541 1037 ὅπερ
559 970 747 1039 μέντοι
764 971 905 1038 λέγω
918 1009 933 1038 ,
973 970 1217 1038 διέστηκε
1235 967 1339 1038 μὲν
1359 965 1506 1023 οὕτω
1529 965 1720 1037 φύσει·

42 1046 138 1103 ἅτε
158 1046 213 1103 δ’
245 1046 409 1119 ἐγγυς
428 1047 608 1105 ὄντων
637 1050 914 1121 φύρονται
945 1052 1008 1106 ἐν
1027 1057 1105 1122 τῷ
1124 1048 1275 1123 αὐτῷ
1295 1051 1388 1105 καὶ
1406 1051 1532 1119 περὶ
1550 1047 1722 1105 ταύτὰ

44 1134 301 1202 σοφισταὶ
318 1133 408 1188 καὶ
424 1133 669 1204 ῥήτορες,
688 1134 780 1189 καὶ
799 1131 902 1190 οὐκ
925 1137 1143 1204 ἔχουσιν
1161 1131 1194 1188 δ’
1208 1155 1259 1188 τι
1275 1132 1575 1204 χρήσονται
1593 1129 1722 1188 οὔτε

40 1211 198 1269 αὐτοὶ
226 1216 439 1279 ἑαυτοῖς
468 1214 597 1271 οὔτε
626 1219 683 1271 οἱ
717 1214 874 1272 ἄλλοι
903 1214 1197 1286 ἅνθρωποι
1226 1214 1587 1315 *mitons-scal
1615 1213 1721 1284 γὰρ

40 1295 139 1365 ἄν,
178 1300 228 1352 εἰ
254 1295 326 1368 μὴ
359 1294 391 1367 ἡ
413 1296 559 1368 ψυχὴ
578 1303 653 1372 τῷ
673 1299 884 1369 σώματι
903 1298 1210 1369 ἐπεστάτει,
1248 1295 1369 1353 ἀλλ’
1395 1294 1530 1352 αυτό
1553 1294 1721 1373 αὐτῷ,

40 1381 131 1435 καὶ
167 1378 240 1451 μή
288 1377 396 1435 ὑπὸ
436 1381 639 1452 ταύτης
685 1390 1080 1453 κατεθεωρεῐτο
1130 1383 1219 1437 καὶ
1255 1385 1555 1451 διεκρίνετο
1591 1380 1630 1452 ἦ
1664 1402 1722 1436 τε
1753 1394 1789 1439 D

41 1460 339 1534 ὀψοποιικὴ
359 1465 449 1519 καὶ
467 1462 500 1535 ἡ
522 1465 756 1536 ἰατρική,
782 1462 904 1521 ἀλλ’
930 1463 1064 1520 αὐτὸ
1087 1462 1148 1520 τό
1169 1471 1324 1535 σῶμα
1344 1468 1525 1533 ἔκρινε
1545 1472 1722 1519 σταθ-

40 1546 301 1618 μώμενον
320 1558 436 1612 ταῖς
453 1547 637 1617 χάρισι
653 1559 771 1612 ταῖς
789 1546 929 1619 πρὸς
948 1546 1084 1604 αὐτό
1097 1590 1113 1618 ,
1153 1545 1213 1602 τὸ
1237 1553 1336 1602 τοῦ
1351 1545 1723 1617 Ἀναξαγόρου

41 1624 113 1683 ἂν
130 1627 275 1684 πολὺ
294 1622 392 1701 ἦν,
425 1623 469 1685 ὦ
490 1635 614 1699 φίλε
632 1636 794 1685 Πῶλε
813 1639 885 1674 ἑ-
904 1628 976 1686 σὺ
997 1628 1103 1702 γὰρ
1124 1628 1338 1685 τούτων
1359 1634 1614 1699 ἔμπειρος
1633 1662 1719 1699 --‚

43 1708 185 1782 ὁμοῦ
212 1707 285 1767 ἄν
314 1712 496 1767 πάντα
525 1713 773 1783 χρήματα
801 1714 1038 1784 ὲφύρετο
1068 1717 1128 1768 ἐν
1155 1718 1233 1785 τῶ
1265 1710 1442 1787 αὐτῷ,
1481 1709 1723 1782 ἀκρίτων

39 1794 223 1850 ὅντων
252 1801 366 1851 τῶν
393 1816 451 1850 τε
483 1800 748 1864 ἰατρικῶν
769 1796 859 1851 καὶ
880 1794 1143 1868 ὑγιεινῶν
1171 1797 1263 1851 καὶ
1295 1793 1654 1863 ὀψοποιικῶν.
1691 1792 1723 1851 ὃ

38 1877 142 1949 μὲν
168 1871 262 1934 οὖι
302 1879 410 1948 ἐγώ
439 1900 579 1950 φημι
609 1876 712 1950 τὴν
733 1878 1031 1951 ῥητορικὴν
1053 1877 1220 1948 εἶναι,
1259 1875 1524 1948 ἀκήκοας·
1568 1875 1723 1933 ἀντί-

40 1977 288 2031 στροφον
310 1958 601 2028 ὀψοποιιάς
620 1964 682 2018 ἐν
711 1968 887 2035 ψυχῇ,
929 1959 1001 2027 ὡς
1029 1963 1204 2017 ἐκεῖνο
1235 1963 1297 2016 ἐν
1326 1960 1552 2031 στόματι.
1592 1967 1725 2025 ἴσως

40 2043 145 2114 μὲν
162 2037 268 2099 οὖν
286 2042 495 2100 ἄτοπον
525 2050 823 2116 πεποίηκα,
864 2042 950 2099 ὅτι
980 2063 1041 2099 σε
1072 2036 1316 2099 οὐκῖέῶν
1346 2041 1593 2114 μακροὺς
1622 2042 1724 2099 λό-
1752 2050 1787 2093 E

40 2149 175 2197 γους
212 2129 391 2197 λέγειν
428 2126 594 2193 αὐτὸς
631 2127 840 2199 συχνὸν
870 2126 1042 2197 λόγον
1069 2123 1394 2182 ἀποτέτακα.
1435 2124 1590 2193 ἄξιον
1617 2125 1720 2197 μὲν

40 2203 146 2264 οὖν
166 2210 283 2279 ἐμοὶ
302 2210 639 2280 συγγνώμην
660 2215 802 2280 ἔχειν
822 2212 961 2266 ἐστί·
981 2211 1239 2279 λέγοντος
1256 2208 1364 2279 γάρ
1382 2230 1493 2280 μου
1515 2210 1720 2280 βραχέα

41 2290 144 2348 οὐκ
169 2292 508 2361 ἐμάνθανες,
540 2289 673 2347 οὐδὲ
690 2299 932 2363 χρῆσθαι
951 2297 1017 2364 τῇ
1040 2290 1353 2362 ἀποκρίσει,
1384 2290 1458 2364 ἣν
1477 2309 1566 2348 σοι
1583 2289 1719 2347 ἅπε-

37 2373 341 2444 κρινάμην,
383 2371 548 2429 οὐδὲν
584 2370 698 2439 οἶός
736 2370 785 2429 τ’
830 2368 1009 2446 ἦσθα,
1048 2373 1172 2431 ἀλλ’
1210 2378 1370 2432 ἐδέου
1402 2375 1719 2447 διηγήσεως.

0 2487 2 2499 ›
38 2454 140 2511 ἐὰν
155 2457 259 2527 μὲν
278 2449 385 2512 οὖν
413 2459 502 2512 καὶ
523 2455 632 2528 ἐγῶ
651 2465 756 2513 σοῦ
779 2454 1229 2529 ἀποκρινομένου
1247 2456 1321 2531 μὴ
1344 2463 1445 2530 ἔχω
1468 2456 1503 2514 δ’
1520 2480 1570 2514 τι
1587 2457 1722 2530 χρή-

39 2554 236 2610 σωμαι,
258 2537 513 2596 ἇπότεινε
540 2542 630 2596 καὶ
646 2538 717 2596 σύ
738 2541 926 2613 λόγον,
948 2541 1046 2598 ἐὰν
1062 2542 1120 2598 δὲ
1140 2546 1261 2614 ἔχω,
1284 2547 1346 2599 ἔα
1366 2564 1433 2614 με
1450 2548 1693 2614 χρῆσθαι
1708 2563 1718 2575 ·
1749 2554 1839 2604 466

41 2622 253 2677 δίκαιον
282 2622 405 2694 γάρ.
447 2626 536 2678 καὶ
567 2629 674 2679 νῦν
701 2625 874 2698 ταύτῃ
902 2631 967 2696 τῇ
987 2622 1274 2695 ἀποκρίσει
1293 2632 1348 2682 εἰ
1358 2647 1410 2680 τι
1430 2629 1567 2696 ἔχεις
1585 2631 1710 2699 χρῆ-

40 2710 203 2773 σθαι,
223 2711 349 2773 χρῶ.

0 2822 10 3112 Ι
179 2794 330 2841 Puro
370 2797 443 2843 111.
1410 2805 1462 2850 15
