1962 3112
112 1439 201 1485 481

166 2091 200 2132 Β

240 66 348 120 250
395 30 418 36 ἥ
846 69 1323 119 ΠΛΛΤῼΝΟΣ
1841 73 1899 116 52

243 203 303 259 δὲ
323 207 528 274 δεσμοῦ
541 244 557 273 ,
578 205 710 271 δεῖν,
734 199 830 256 ἐὰν
851 202 909 255 δὲ
929 205 1130 272 ζημίας,
1150 200 1497 272 ἀποτίνοντα,
1519 203 1616 259 ε’ἀν
1631 204 1690 260 δὲ
1709 210 1912 280 φυγῆς,

245 285 553 357 φεύγοντα,
571 283 669 338 ἐάν
688 287 748 338 δὲ
766 284 1048 354 θανάτου,
1068 282 1500 355 ἀποθνήσκοντα
1514 329 1528 357 ,
1562 284 1733 342 αὐτὸν
1753 292 1907 355 πρῶ-

239 389 340 422 τον
359 366 494 421 ὄντα
513 365 822 436 κατήγορον
838 367 928 421 καὶ
949 363 1124 420 αὑτοῦ
1139 367 1225 421 καὶ
1246 373 1358 421 τῶν
1377 366 1561 422 ἄλλων
1581 373 1798 423 οἰκείων
1818 369 1908 422 καὶ

239 449 327 503 ἐπὶ
352 453 515 502 τοῦτο
542 447 827 517 χρώμενον
855 454 924 519 τῇ
965 450 1252 520 ῥητορικῇ,
1289 447 1437 513 ὅπως
1473 445 1545 503 ἂν
1581 450 1909 520 καταδήλων

237 535 351 583 τῶν
379 527 726 598 ἀδικημάτων
752 536 1099 599 γιγνομένων
1137 529 1584 585 ἀπαλλάττωνται
1625 537 1727 586 τοῦ
1755 535 1908 600 μεγί-

240 626 375 664 στου
392 617 587 680 κακοῦ,
603 609 828 674 ἀδικίας.
871 617 1065 680 φῶμεν
1085 610 1259 676 οὕτως
1277 608 1312 681 ἢ
1331 610 1402 681 μὴ
1427 618 1637 683 φῶμεν,
1654 605 1697 666 ὦ
1714 617 1904 677 Ile-5253

377 698 554 747 JmA.
592 691 799 747 ’Ἀτοπα
818 693 946 762 με’ν,
967 686 1010 746 ὦ
1030 692 1346 763 Σώκρατες,
1378 699 1560 764 ἔμοιγε
1581 697 1756 763 δοκεῖ,
1794 704 1906 756 τοῖς

237 775 425 843 μέντοι
446 779 763 843 ἔμπροσθεν
782 782 912 837 ἴσως
932 790 1019 828 σοι
1040 771 1396 845 ὁμολογεῖται.

378 861 501 910 ΣΩ.
544 854 771 911 Οὐκοῦν
798 851 834 926 ἦ
856 853 1081 910 κάκεῖνα
1108 862 1307 912 λυτέον
1326 853 1362 927 ἦ
1381 857 1510 912 τάδε
1530 855 1740 928 ἀνάγκη
1762 873 1906 928 συμ-

234 943 474 1008 βαίνειν;

374 1023 549 1073 ΠΩΛ.
589 1023 728 1085 Ναί,
751 1019 915 1073 τοῦτό
937 1041 998 1088 γε
1020 1019 1195 1083 ου’τως
1215 1025 1334 1089 ἔχει.

373 1104 498 1155 ΣΩ.
541 1097 884 1154 Τούναντίον
918 1103 982 1155 δέ
1005 1122 1067 1170 γε
1086 1093 1159 1154 αὖ
1185 1101 1587 1172 μεταβαλόντα,
1626 1099 1714 1155 εἶ’
1692 1100 1799 1169 άρα
1821 1103 1908 1154 δεῖ

234 1180 356 1236 τινά
377 1203 559 1244 κακως
578 1192 782 1252 ποιεῖν,
816 1181 906 1237 εἶτ’
928 1183 1133 1252 ἐχθρὸν
1161 1190 1267 1237 εἴτε
1286 1180 1573 1253 ὁντινοῦν,
1604 1179 1704 1237 εἀν
1721 1181 1897 1252 μόνον

233 1261 306 1333 μὴ
329 1261 492 1327 αὐτὸς
511 1261 762 1334 ἀδικῆται
780 1261 887 1319 ὑπὸ
908 1271 1008 1319 τοῦ
1029 1268 1237 1334 ἐχθροῦ
1251 1288 1261 1299 ·
1301 1271 1463 1319 τοῦτο
1485 1264 1587 1335 μὲν
1605 1262 1712 1334 γὰρ
1733 1262 1901 1319 εὐλα-

233 1345 457 1414 βητέον·
495 1342 591 1398 ἐὰν
613 1344 672 1398 δὲ
699 1343 873 1400 ἄλλον
891 1344 1053 1417 ἀδικῇ
1085 1344 1113 1400 ὁ
1141 1347 1367 1416 ἐχθρός,
1404 1348 1566 1402 παντὶ
1585 1346 1768 1419 τρόπῳ
1789 1367 1904 1401 πα-

231 1428 635 1493 ρασκευαστέον
668 1427 760 1481 καὶ
790 1427 1101 1494 πράττοντα
1131 1429 1221 1482 καὶ
1251 1430 1508 1498 λέγοντα,
1550 1426 1700 1491 ὅπως
1722 1426 1794 1498 μὴ
1817 1431 1896 1482 δῶ

231 1510 391 1577 δίκην
411 1509 546 1605 μηδὲ
565 1513 703 1579 ἔλθῃ
723 1508 870 1576 παρὰ
893 1507 992 1563 τὸν
1012 1510 1299 1580 δικαστήν
1339 1508 1436 1565 ἐαν
1457 1510 1515 1565 δε
1534 1513 1674 1581 ελθῃ
1690 1551 1703 1578 ,
1728 1532 1903 1580 μηχα-

229 1590 441 1659 νητέον,
464 1588 611 1654 ὅπως
629 1612 701 1644 αν
721 1590 967 1662 διαφύγῃ
989 1592 1079 1645 καὶ
1099 1589 1169 1661 μὴ
1194 1594 1271 1664 δῷ
1301 1588 1510 1662 Blunv‘
1487 1614 1516 1646 ο
1537 1591 1759 1661 ἐχθρός,
1785 1589 1896 1646 ἀλλ’

230 1669 330 1723 ἐάν
348 1692 405 1724 τε
427 1677 657 1740 χρυσίον
672 1667 930 1740 ἡρπακως
959 1665 995 1743 ᾗ
1024 1672 1195 1742 πολύ,
1225 1671 1298 1743 μὴ
1331 1672 1578 1744 ἀποδιδῷ
1597 1693 1758 1727 τουτο
1780 1670 1895 1727 ἀλλ’

233 1755 374 1820 ἔχων
393 1750 749 1821 ἀναλίσκηται
769 1753 859 1806 καὶ
881 1755 1002 1816 εἰς
975 1755 1171 1808 εαυτόν
1192 1757 1283 1808 και
1304 1759 1379 1818 εἰς
1406 1755 1536 1818 τοὺς
1555 1754 1756 1808 ἑαυτοῦ
1775 1751 1897 1809 ἀδί-

232 1854 342 1897 κως
359 1834 450 1887 καὶ
470 1831 676 1902 ἀθέως,
720 1833 817 1887 ἐάν
836 1855 892 1887 τε
923 1835 1176 1889 θανάτου
1206 1835 1328 1899 ἄξια
1355 1828 1683 1905 ἠδικηκώςτ
1646 1857 1708 1906 ῃ,
1748 1833 1898 1898 ὅπως

232 1911 305 1982 μὴ
327 1910 714 1984 ἀποθανεῖται,
753 1915 987 1983 μάλιστα
1016 1917 1119 1985 μὲν
1146 1919 1439 1987 μηδέποτε,
1478 1915 1591 1971 ἀλλ’
1613 1914 1897 1981 ἀθάνατος

230 1999 380 2050 ἔσται
412 1994 656 2067 πονηρὸς
685 1995 791 2067 ὤν,
833 2003 882 2053 εἰ
909 1997 967 2053 δὲ
994 1999 1098 2070 μή,
1138 1998 1287 2064 ὅπως
1319 1997 1391 2064 ὥς
1420 2008 1674 2055 πλεῖστον
1690 2000 1894 2070 χρόνον

232 2077 489 2146 βιώσεται
517 2085 763 2143 τοιοῦτος
792 2078 885 2135 ὤν.
944 2083 1029 2136 ἐπὶ
1067 2082 1133 2136 τά
1166 2088 1391 2136 τοιαῦτα
1421 2085 1603 2151 ἔμοιγε
1634 2085 1807 2150 δοκεῖ,
1848 2075 1896 2135 ὦ

225 2162 407 2226 Πῶλε,
427 2157 460 2228 ἡ
482 2159 741 2231 ῥητορικὴ
762 2164 1022 2233 χρήσιμος
1041 2163 1204 2233 εἶναι,
1237 2166 1351 2218 ἐπεὶ
1370 2170 1447 2235 τῷ
1464 2185 1525 2232 γε
1546 2163 1617 2232 μὴ
1638 2167 1892 2232 μέλλοντι

227 2239 437 2296 ἀδικεῖν
466 2241 535 2296 οὐ
563 2244 770 2316 μεγάλη
801 2251 880 2311 τίς
905 2269 998 2316 μοι
1029 2246 1232 2303 δοκεῖ“
1203 2271 1237 2318 η
1267 2253 1419 2318 χρεία
1449 2246 1618 2318 αὐτῆς
1638 2246 1803 2317 εἶναι,
1842 2254 1893 2305 εἰ

227 2321 294 2392 δὴ
315 2324 404 2378 καὶ
425 2328 538 2378 ἔστι
555 2346 634 2388 τις
651 2332 831 2397 χρεία,
855 2350 928 2393 ως
948 2335 1008 2384 ἕν
1026 2352 1089 2400 γε
1108 2342 1219 2394 τοῖς
1240 2329 1490 2398 πρόσθεν
1512 2329 1776 2401 οὐδαμῇ’
1748 2331 1885 2399 εφά-
1961 2365 1962 2368 =

220 2425 288 2472 νη
316 2399 471 2460 οὖσα.
1960 2416 1962 2425 ’

362 2491 614 2544 XXXVII.
687 2496 859 2547 KAA.
913 2496 1054 2547 Εἰπέ
1068 2514 1187 2562 μοι,
1211 2487 1256 2547 ὦ
1272 2498 1598 2562 Χαιρεφῶν,
1638 2494 1887 2548 σπουδά-
1959 2540 1962 2556 ,

220 2568 296 2630 ζει
315 2573 486 2620 ταῦτα
504 2572 807 2645 Σωκράτης
825 2571 859 2644 ἢ
882 2579 1088 2640 παίζεις

358 2653 506 2702 ΧΑῙ.
559 2648 703 2714 Ἐμοὶ
738 2652 839 2721 μὲν
878 2657 1054 2724 δοκεῖ,
1116 2648 1160 2709 ὦ
1193 2660 1539 2726 Καλλίκλεις,
1585 2647 1889 2725 ὑπερφυῶς

216 2727 570 2795 σπουδάζειν·
609 2730 777 2788 οὐδὲν
794 2737 982 2805 μέντοι
1002 2734 1124 2792 οἷον
1144 2734 1204 2791 vd
1229 2734 1401 2791 αὐτὸν
1425 2740 1654 2807 ἐρωτᾷν,
