1962 3112
174 0 409 27 ,Μ’Ἷτῧψ-ς-ττ
420 0 552 27 ξὲξιπξπ
565 0 729 28 πἰζε-Ρτ
739 0 876 17 στ’-επ*
893 0 957 21 ‘1³‘
965 0 979 15 .·
1023 6 1026 7 ν
1043 0 1046 2 ·
1088 3 1091 6 -
1149 0 1158 11 s

54 141 85 189 9
711 131 1087 182 ΓΟΡΓΙΑΣ.
1625 127 1727 180 207

58 269 170 325 ἐστὶ
196 271 385 341 μεῖξον
411 265 636 338 ἀγαθὸν
675 263 1000 335 ἀνθρώποις
1032 262 1263 334 ὑγιείας·
1319 269 1371 320 εἰ
1405 260 1457 318 δ’
1490 257 1563 317 αὖ
1599 262 1733 333 μετὰ
1762 272 1795 313 Β

65 358 263 407 τοῦτον
288 348 319 406 ὁ
346 354 703 452 παιδοτρίβης
732 356 877 405 εἴποι
905 346 991 403 ὅτι
1007 348 1350 419 θαυμάζοιμί
1370 344 1503 415 τᾶν,
1542 339 1585 400 ὦ
1603 345 1735 400 Σώ-

57 455 269 502 κρατες,
288 435 380 490 καὶ
400 430 566 497 αὐτός
578 475 593 502 ,
614 440 667 488 εἴ
680 449 768 487 σοι
786 434 898 501 ἔχοι
916 435 1155 500 Γοργίας
1172 435 1354 500 μεῖζον
1374 426 1596 498 ἀγαθὸν
1614 429 1730 484 ἐπι-

59 520 230 583 δεῖξαι
264 524 361 587 τῆς
394 514 571 572 αὑτοῦ
598 519 789 584 τέχνης
824 508 862 583 ἦ
892 511 999 582 ἐγω
1018 518 1116 583 τῆς
1144 515 1299 583 ἐμῆς·
1339 507 1533 582 εἴποιμ’
1556 532 1631 565 αν
1658 502 1735 565 αὖ

58 601 307 668 καὶπρὸς
334 605 561 654 τοῦτον·
600 597 672 652 σὺ
692 596 750 652 δὲ
780 595 848 667 δὴ
868 603 948 660 τίς
977 594 1048 665 εἷ,
1091 590 1135 651 ὦ
1155 595 1438 666 ἄνθρωπε,
1476 595 1568 650 καὶ
1601 599 1659 649 τί
1669 591 1732 648 τὸ

62 680 166 737 σὸν
183 686 376 751 ἔργονς
413 684 796 752 παιδοτρίβης,
834 684 969 749 φαίη
989 678 1089 747 ἄν,
1127 676 1189 732 τὸ
1224 677 1276 733 δ’
1298 682 1464 748 ἔργον
1481 676 1593 748 μού
1622 677 1733 731 ἐστι

58 764 263 828 καλούς
279 785 338 819 τε
368 764 458 819 καὶ
488 761 752 834 ἰσχυρούς
780 772 960 817 ποιεῖν
987 758 1120 824 τούς
1154 757 1497 829 ἀνθρώπους
1522 756 1590 813 τὰ
1618 757 1733 813 σφ’-

60 869 216 905 ιιατα.
274 844 408 917 μετὰ
435 846 494 902 δὲ
512 843 614 901 τὸν
642 848 1005 913 παιδοτρίβην
1033 850 1178 898 εἴποι
1196 839 1268 898 ἂν
1286 841 1315 898 ὁ
1347 841 1731 914 χρηματιστής,

60 926 135 992 ὥς
164 922 397 1002 ἐγῷμαι,
436 927 589 983 πάνυ
617 933 990 997 καταφρονῶν
1017 923 1304 982 ἁπάντων·
1343 926 1539 983 σκόπει
1577 929 1731 997 δῆτα,
1760 931 1792 973 G

60 1004 107 1065 ὦ
127 1010 448 1080 Σώκρατες,
485 1010 588 1065 ἐάν
620 1027 709 1065 σοι
736 1010 986 1065 πλούτου
1022 1016 1178 1082 φανῇ
1213 1032 1263 1064 τι
1293 1013 1479 1080 μεῖζον
1508 1004 1732 1107 ἀγαθὸν

58 1088 178 1163 ὄνῆ
199 1113 347 1192 παρα
364 1088 629 1165 Γοργίᾳ”
592 1115 625 1163 η
659 1090 781 1162 παρ’
804 1091 952 1166 ἄλλῳ
985 1092 1217 1167 ὁτῳοῦν.
1289 1105 1495 1164 φαῖμεν
1524 1089 1596 1147 οἰν
1627 1084 1732 1146 οὖν

62 1175 200 1242 πρὸς
230 1173 431 1230 αὐτόν·
473 1180 532 1230 τί
555 1175 615 1231 δε
643 1175 738 1245 δή;
779 1169 818 1246 ἦ
852 1176 925 1230 σύ
953 1176 1158 1231 τούτου
1184 1172 1549 1246 δημιουργός;
1594 1178 1730 1244 φαίη

60 1281 146 1314 αν.
201 1264 281 1323 τίς
311 1280 418 1326 mv3
452 1258 831 1330 χρηματιστής.
887 1262 944 1313 τί
965 1251 1100 1325 οὖν;
1131 1263 1339 1329 κρίνεις
1366 1256 1438 1311 σύ
1470 1258 1732 1327 μέγιστον

62 1339 385 1410 ἆνθρώποις
412 1338 633 1411 ἀγαθὸν
662 1340 802 1396 εἶναι
833 1346 1107 1406 πλοῦτον,
1147 1338 1416 1411 φήσομεν.
1472 1346 1590 1404 πῶς
1617 1337 1727 1409 γὰρ

61 1421 186 1487 σῦκ;
223 1426 346 1492 ἐρεῖ.
405 1424 495 1478 καὶ
524 1421 637 1494 μὴν
658 1421 998 1494 ἀμφισβητεῖ
1023 1439 1085 1493 γε
1106 1428 1344 1494 Γοργίας
1363 1421 1458 1478 ὅδε
1484 1419 1586 1492 τὴν
1605 1418 1728 1491 παρ’

64 1504 213 1580 αὐτῷ
244 1510 442 1577 τέχνην
477 1511 724 1577 μείζονος
759 1504 983 1576 ἀγαθοῦ
1020 1512 1202 1562 αἰτίαν
1240 1504 1380 1561 εἶναι
1407 1501 1444 1575 ἦ
1475 1504 1579 1574 τὴν
1605 1504 1728 1574 σήν,

62 1601 264 1660 φαῖμεν
283 1585 354 1643 ἂν
370 1586 539 1660 ἡμεῖς.
594 1592 765 1660 δῆλον
794 1582 899 1643 οὖν
919 1587 1002 1644 ὅτι
1030 1590 1091 1644 τὸ
1113 1587 1247 1661 μετὰ
1267 1594 1431 1644 τοῦτο
1453 1585 1610 1657 ἔροιτ’
1634 1586 1730 1641 ἅν·

64 1672 149 1731 καὶ
182 1677 238 1727 τί
271 1674 382 1726 ἐστι
418 1677 582 1727 τοῦτο
627 1668 688 1725 τὸ
728 1668 973 1740 ἆγαθόν;
1040 1670 1442 1743 ἀποκρινάσθω
1478 1674 1728 1740 Γοργίας.
1764 1677 1799 1718 D

63 1762 145 1812 ἴθι
165 1747 273 1809 οὖν
291 1760 544 1823 νομίσας,
583 1747 628 1809 ὦ
644 1758 879 1823 Γοργία,
917 1756 1230 1824 ἐρωτᾶσθαι
1258 1757 1351 1810 καὶ
1381 1751 1478 1808 ὑπ’
1503 1756 1730 1808 ἐκείνων

58 1838 148 1892 καὶ
180 1831 271 1891 ὑπ’
293 1838 455 1906 ἐμοῦ,
494 1833 792 1904 ἀπόκριναι
809 1842 867 1891 τί
887 1839 999 1891 ἐστι
1016 1843 1180 1892 τοῦτο
1201 1834 1232 1892 ὃ
1252 1834 1362 1909 φῂς
1380 1834 1451 1891 σύ
1470 1840 1729 1906 μέγιστον

55 1916 276 1988 ἀγαθὸν
306 1916 446 1973 εἶναι
483 1930 595 1983 τοῖς
622 1917 946 1988 ἀνθρώποις
984 1921 1074 1974 καὶ
1111 1919 1172 1974 σὲ
1209 1916 1552 1990 δημιουργὸν
1591 1916 1729 1973 εἶναι

56 1999 244 2057 αὐτοῦ.

205 2088 258 2140 Γ
255 2089 362 2139 ΟΡ.
400 2081 568 2152 Ὅπερ
587 2086 761 2152 ἐστίν,
805 2077 850 2138 ὦ
865 2084 1187 2154 Σώκρατες,
1223 2092 1290 2158 τῇ
1320 2082 1557 2158 ἀληθείᾳ
1577 2088 1731 2156 μέγι-

61 2184 195 2221 στον
215 2164 438 2235 ἀγαθὸν
465 2167 555 2221 καὶ
586 2174 766 2222 αἴτιον
783 2165 897 2236 ἅμα
927 2167 1028 2237 μὲν
1056 2169 1376 2236 ἐλευθερίας
1403 2166 1590 2232 αὐτοῖς
1618 2178 1732 2232 τοῖς

58 2247 407 2317 ἀνθρώποις,
441 2246 557 2318 ἅμα
587 2249 646 2302 δὲ
673 2255 776 2303 τοῦ
804 2248 991 2305 ἄλλων
1009 2247 1198 2320 ἄρχειν
1214 2252 1275 2305 ἐν
1293 2256 1360 2320 τῇ
1381 2246 1556 2304 αὑτοῦ
1574 2248 1731 2305 πόλει

57 2332 283 2405 ἑκάστῳ.

197 2420 322 2471 ΣΩ.
366 2419 435 2470 Τί
448 2407 552 2469 οὖν
572 2412 638 2484 δὴ
658 2420 819 2469 τοῦτο
839 2415 1041 2483 λε’γεις;

199 2502 252 2554 Γ
250 2503 354 2553 ΟΡ.
401 2497 475 2551 Τὸ
499 2502 716 2551 πείθειν
748 2493 899 2566 ἔγωγ’
923 2492 1044 2551 οἷόν
1071 2493 1110 2551 τ’
1135 2495 1273 2552 εἶναι
1300 2510 1414 2564 τοῖς
1434 2498 1621 2569 λόγοις
1639 2498 1730 2554 καὶ
1763 2506 1793 2548 Ε

57 2580 122 2635 ἐν
147 2583 475 2654 δικαστηρίῳ
506 2577 765 2643 δικαστὰς
800 2581 888 2635 καὶ
922 2581 983 2632 ἐν
1013 2585 1389 2654 βουλευτηρίῳ
1424 2578 1732 2654 βουλευτὰς

57 2661 146 2716 καὶ
165 2663 227 2717 ἐν
241 2665 499 2735 ἐκκλησίᾳ
519 2659 915 2732 ἐκκλησιαστάς
932 2662 1024 2718 καὶ
1039 2663 1101 2718 ἐν
1113 2662 1262 2736 ἄλλῳ
1279 2663 1529 2737 ξυλλόγῳ
1550 2668 1728 2732 παντί,

59 2740 209 2807 ὅστις
239 2739 311 2797 ἄν
341 2743 618 2809 πολιτικὸς
647 2744 914 2814 ξύλλογος
941 2750 1206 2816 γίγνηται.
1262 2751 1439 2801 καίτοι
1468 2747 1529 2802 ἐν
1556 2743 1730 2816 ταύτῃ

56 2832 124 2896 τῇ
145 2826 380 2896 δυνάμει
399 2830 605 2883 δοῦλον
632 2828 736 2899 μὲν
766 2829 899 2894 ἕξεις
926 2827 1026 2884 τὸν
1047 2828 1267 2899 ἰατρόν,
1308 2832 1515 2884 δοῦλον
1546 2828 1605 2882 δὲ
1633 2827 1732 2882 τὸν
