2020 3094
202 189 271 242 62
448 210 452 211 ⁷
803 189 1278 239 ΠΛΑΤΩΝΟΣ

204 326 462 395 ἐλέγομεν
490 330 599 379 νῦν
627 344 685 378 τε
717 324 968 387 ἐπιεικῶς
999 326 1280 392 εἰρῆσθαι,
1316 322 1407 378 καὶ
1436 330 1490 378 εἰ
1511 345 1562 378 τι
1590 320 1769 378 αὐτῶν
1802 322 1872 394 μὴ

205 408 407 469 ἱκανῶς
436 413 644 475 εἴρηται
656 447 672 475 ,
714 402 953 474 ὕστερον
971 403 1472 471 ἐπανορθώσεσθαι
1491 406 1580 461 καὶ
1602 402 1736 476 μετὰ
1754 403 1878 460 Δά-

201 507 410 557 μωνος,
447 480 517 541 οὗ
542 487 617 541 ’σύ
646 505 757 541 που
785 492 888 540 οἴει
916 491 1251 557 καταγελᾷν,
1290 486 1380 541 καὶ
1399 492 1572 541 ταῦτα
1591 484 1719 542 οὐδὲ
1740 484 1876 542 ἰδων

201 568 423 623 πώποτε
450 568 549 623 τὸν
576 566 856 663 Δάμωνα,
894 568 986 622 καὶ
1016 565 1136 638 μετ’
1168 566 1381 623 ἄλλων·
1419 571 1511 623 καὶ
1539 566 1761 624 ἐπειδὰν
1780 573 1873 639 βε-

199 649 523 720 βαιώσωμαι
542 647 710 717 αὐτά,
744 647 943 713 διδάξω
963 650 1055 704 καὶ
1072 649 1150 719 σέ,
1172 649 1264 705 καὶ
1285 647 1353 705 οὐ
1375 649 1675 720 φθονήσω·
1698 652 1875 714 δοκεῖς

139 746 170 788 G
196 731 304 803 γάρ
324 751 418 802 μοι
436 732 528 786 καὶ
547 730 693 801 μάλα
714 729 932 800 σφόδρα
953 732 1170 785 δεῖσθαι
1189 739 1405 801 μαθεῖν.

341 817 458 867 ΛΑ.
514 808 707 880 Σοφός
725 810 831 880 γάρ
851 832 935 865 τοι
955 807 1028 864 σὺ
1048 809 1121 882 εἶ,
1162 833 1204 866 ω
1225 817 1410 868 Νικία.
1441 809 1562 867 ἀλλ’
1596 810 1745 882 ὅμως
1764 809 1867 881 ἐγω

195 893 496 965 Λυσιμάχω
517 896 656 966 τῷδε
676 893 767 947 καὶ
785 897 1040 965 Μελησία
1061 894 1444 965 συμβουλεύω,
1470 891 1531 948 σε
1549 891 1649 964 μὲν
1670 894 1760 948 καὶ
1780 893 1871 964 ἐμὲ

196 975 321 1044 περὶ
339 981 435 1045 τῆς
455 978 702 1038 παιδείας
722 995 835 1028 των
865 980 1176 1030 νεανίσκων
1193 982 1404 1046 χαίρειν
1431 977 1559 1048 ἐᾷν,
1597 973 1870 1078 Σωκράτη

195 1057 255 1111 δε
272 1061 520 1124 τουτονί,
564 1054 699 1123 ὅπερ
720 1058 772 1121 ἐξ
792 1053 960 1126 ἀρχῆς
989 1059 1206 1127 ἔλεγον,
1245 1056 1318 1127 μὴ
1350 1057 1595 1127 ἀφιέναι·
1635 1061 1685 1111 εἰ
1701 1054 1759 1111 δὲ
1778 1056 1869 1112 καὶ
2016 1127 2017 1130 ¹

194 1137 310 1207 ἐμοὶ
331 1139 392 1192 ἐν
409 1135 593 1210 ἡλικίᾳ
608 1131 754 1208 ἦσαν
772 1160 823 1193 οι
813 1142 1049 1208 ’παῖδες,
1069 1136 1243 1193 ταύτὰ
1265 1134 1337 1193 ἂν
1355 1136 1508 1193 ταῦτ’
1535 1141 1774 1195 ἐποίουν.
2012 1154 2020 1207 ξ

331 1224 433 1274 NI.
494 1225 680 1274 Ταῦτα
699 1219 801 1290 μὲν
819 1218 970 1291 κάγω
1002 1222 1265 1291 ξυγχωρω
1274 1262 1289 1289 ,
1330 1222 1532 1291 ἐάνπερ
1553 1222 1718 1292 ἐθέλῃ
1737 1226 1865 1274 Σω-
2013 1214 2020 1217 ”

191 1300 396 1372 κράτης
424 1307 538 1356 τῶν
567 1308 868 1371 μειρακίων
895 1306 1297 1373 ἐπιμελεῖσθαι,
1334 1305 1542 1374 μηδένα
1574 1301 1744 1358 ἄλλον
1774 1306 1867 1371 ζη-

128 1397 164 1438 D
194 1394 308 1438 τεῖν
323 1403 334 1414 ·
375 1384 490 1438 ἐπεὶ
519 1379 628 1438 κᾶν
656 1381 761 1453 ἐγώ
779 1381 878 1439 τὸν
902 1385 1226 1455 Νικήρατον
1242 1385 1420 1458 τούτῳ
1440 1383 1635 1455 ἥδιστα
1655 1385 1868 1452 ἐπιτρέ-

190 1485 371 1535 ποιμι,
416 1469 466 1519 εἰ
493 1466 679 1520 ἐθέλοι
707 1458 895 1530 οὗτος·
933 1464 1073 1521 ἀλλὰ
1109 1465 1215 1537 γὰρ
1245 1466 1449 1531 ἄλλους
1476 1487 1569 1536 μοι
1608 1464 1865 1521 ἑκάστοτε

191 1551 508 1617 ξυνίστησιν
522 1589 536 1616 ,
558 1545 693 1601 ὅταν
715 1569 765 1602 τι
785 1545 938 1619 αὐτῷ
956 1549 1080 1618 περὶ
1100 1548 1303 1603 τούτου
1322 1555 1560 1619 μνησθῶ
1573 1590 1586 1614 ,
1619 1544 1784 1610 αὐτὸς
1805 1544 1863 1601 δὲ

190 1626 294 1684 οὐκ
316 1630 508 1684 ἐθέλει.
550 1626 672 1685 ἄλλ’
698 1627 830 1699 ὅρα,
870 1623 914 1684 ὦ
933 1635 1240 1701 Λυσίμαχε,
1283 1637 1338 1685 εἴ
1358 1651 1410 1684 τι
1439 1635 1542 1684 σοῦ
1561 1624 1632 1684 ἂν
1652 1634 1863 1699 μᾶλλον

187 1709 462 1768 ὑπακούοι
481 1710 798 1781 Σωκράτης.

328 1799 440 1850 ΛΤ.
506 1792 744 1849 Δίκαιόν
764 1795 831 1863 γε’
845 1815 956 1861 τοι,
985 1787 1029 1849 ὦ
1058 1800 1253 1862 Νικία,
1292 1793 1406 1849 ἐπεὶ
1433 1794 1524 1847 καὶ
1551 1789 1657 1861 ἐγώ
1686 1790 1863 1861 τούτῳ

190 1872 366 1930 πολλὰ
397 1870 469 1928 ἄν
497 1874 821 1945 ἐθελήσαιμι
840 1886 1046 1944 ποιεῖν,
1077 1871 1111 1930 ὁὶ
1132 1873 1236 1930 οὐκ
1255 1871 1328 1929 ἂν
1348 1872 1534 1938 ἄλλοις
1552 1871 1702 1927 πάνυ
1725 1879 1863 1926 πολ-

152 1963 158 1972 ‘
189 1963 302 2020 λοῑς
321 1958 581 2026 ἐθέλοιμι.
621 1963 737 2021 πῶς
755 1950 859 2013 οὖν
879 1957 1014 2029 φῄς,
1057 1950 1101 2011 ὦ
1119 1957 1440 2025 Σώκρατεςς
1485 1953 1792 2010 ὑπακούσει
1810 1974 1862 2006 τι

187 2039 278 2094 καὶ
306 2038 765 2110 ξυμπροθυμήσει
798 2037 870 2103 ὡς
898 2043 1195 2110 βελτίστοις
1223 2039 1485 2108 γενέσθαι
1520 2048 1632 2100 τοῖς
1667 2056 1861 2107 μειρα-

189 2126 353 2188 κίοις;

122 2218 156 2258 Ε
330 2207 513 2258 XXXI.
585 2209 710 2259 ΣΩ.
765 2204 875 2258 Καὶ
893 2200 999 2272 γὰρ
1029 2198 1099 2257 ὅέν
1117 2199 1306 2257 δεινὸν
1336 2208 1446 2272 εἴη,
1487 2193 1533 2254 c5
1561 2202 1858 2269 Λυσίμαχε,

187 2285 354 2339 τοῦτό
384 2306 475 2355 γε,
513 2282 585 2355 μὴ
617 2287 832 2340 ἐθέλειν
859 2305 934 2358 τςο
965 2285 1488 2356 ξυμπροθυμεῖσθαι
1509 2280 1581 2347 ὦς
1599 2285 1859 2353 βελτίστῳ

187 2366 464 2433 γενέσθαι.
503 2369 554 2420 εἰ
579 2364 681 2436 μὲν
706 2360 812 2421 οὖν
842 2369 903 2421 ἐν
931 2377 1042 2431 τοῖς
1071 2369 1345 2435 διαλογοις
1363 2376 1475 2429 τοῖς
1494 2363 1618 2432 ἄρτι
1635 2359 1738 2432 ἐγώ
1758 2360 1858 2431 μὲν

186 2444 407 2516 ἐφάνην
430 2445 614 2517 εἰδώς,
652 2447 791 2503 τώδε
819 2447 879 2503 δὲ
907 2446 979 2519 μὴ
1005 2447 1204 2517 εἰδότε,
1226 2451 1441 2502 δίκαιον
1459 2441 1530 2500 ὅὶν
1546 2438 1618 2514 ἧν
1638 2442 1731 2514 ἐμὲ
1749 2441 1856 2513 μά-

183 2533 339 2582 λιστα
360 2529 447 2582 ἐπὶ
473 2534 636 2582 τοῦτο
667 2527 727 2583 τὸ
765 2534 930 2599 ἔργον
958 2536 1323 2599 παρακαλεῖν·
1360 2534 1469 2583 νῦν
1488 2525 1541 2582 δ’
1566 2561 1636 2567 -
1656 2522 1858 2595 ὁμοίως

182 2606 290 2678 γὰρ
333 2608 534 2674 πάντες
561 2612 621 2665 ἐν
652 2608 856 2684 ἀπορία
887 2612 1220 2683 ἐγενόμεθα·
1260 2615 1317 2666 τί
1341 2603 1445 2665 οὖν
1473 2607 1545 2663 ἄν
1579 2629 1659 2671 τις
1695 2603 1856 2677 ἡμῶν

182 2688 304 2745 τινὰ
337 2702 683 2760 προαιροῖτο;
726 2693 843 2762 ἐμοὶ
871 2692 973 2763 μὲν
1001 2687 1109 2748 οὖν
1145 2692 1211 2764 δὴ
1250 2690 1402 2765 αὐτῷ
1437 2695 1592 2747 δοκεῖ
1623 2687 1850 2744 οὐδένα·

66 2786 147 2828 201
181 2768 303 2827 ἀλλ’
328 2770 512 2843 ἐπειδὴ
534 2779 707 2828 ταῦτα
727 2772 903 2839 οὕτως
922 2779 1054 2846 ἔχει,
1095 2776 1377 2841 σκέψασθε
1396 2771 1466 2829 ἄν
1485 2795 1536 2828 τι
1557 2771 1698 2836 δόξω
1717 2773 1855 2839 ξυμ-

180 2854 473 2925 βουλεύειν
493 2851 641 2925 ὑμῐν.
684 2852 789 2924 ἐγώ
819 2856 925 2925 γάρ
957 2878 1097 2927 φημι
1114 2862 1337 2926 χρῆναι,
1378 2849 1422 2910 ὦ
1444 2854 1643 2924 ἄνδρες
1660 2884 1732 2895 --
1752 2848 1850 2905 ού·-
